3725 5950
483 477 680 542 HISTORIAE
701 475 854 540 GRAECAE
872 473 947 536 Lis.
968 473 1034 535 vii.
1056 473 1138 536 CAP.
1160 473 1183 534 1.
1582 485 1638 536 toi

73 627 95 666 s.
115 603 255 688 Ἔπείτιμ,
265 594 289 668 έν
299 604 389 686 ἀνδρες
398 603 546 680 Ἀθηναῖοι,
559 605 657 686 ἀγαθόν
669 609 730 682 θμῑν
742 603 812 674 ἔδοξε
887 632 900 656 ι
913 609 1015 672 omnio
1032 609 1118 675 ιοθΙα,
1130 609 1307 671 Athenienses,
1320 621 1352 663 en
1363 621 1410 662 usu
1424 621 1479 662 esse
1487 611 1568 661 νιειιιιι
1579 607 1639 672 1ι1ι,

40 692 255 772 Λακεδαιμονίους
261 692 495 775 ρίλουςποιεῑσθσι,
502 694 573 752 δοκεῖ
580 715 625 772 μοι
631 697 728 774 χρῆναι
736 697 813 752 τοῦτο
856 699 1053 753 Lsoedoemonios
1073 701 1098 750 in
1114 699 1244 750 amicitiem
1258 699 1348 762 recipi,
1362 699 1564 750 oonsidernndum
1581 701 1642 750 sniiri

40 789 148 853 σκοπεῖν,
164 779 237 848 ὅπως
250 786 267 852 ἠ
288 780 362 862 ριλία
380 780 420 841 ότι
433 783 557 840 πλεῖστον
569 780 662 863 χρόνον
677 787 813 858 συμμενεῖ.
857 787 1640 852 visetur,qu0psotoqusmmusininemirscsmieissuorsturs.
1662 812 1667 823 ·

40 870 98 930 Ἐάν
109 863 154 929 οὖν
166 861 185 950 ᾖ
196 867 328 950 ἑκατέροις
342 867 459 946 μάλιστα
473 867 600 941 συνοίσει,
613 867 698 948 ταύτῃ
711 867 757 927 καί
767 865 814 935 τάς
857 875 1193 938 Φεπιοθιειιιιίεειαιίοιιε,
1203 887 1259 938 quse
1268 875 1329 938 perti
1337 875 1431 938 utrique
1438 875 1568 938 plurimum
1575 889 1643 939 espo

41 956 162 1028 συνθήκας
172 955 359 1035 ποιησώμεθα,
368 955 436 1018 οὕτω
445 955 515 1015 κατέ
528 979 559 1034 γε
572 957 602 1016 τό
615 955 682 1024 εἰκδς
696 955 814 1035 μάλιστα
857 965 922 1025 diet,
934 963 1013 1015 θαᾱυι
1019 963 1147 1025 inibimus,
1156 967 1343 1014 eonsenisneuns
1353 965 1405 1024 est,
1415 975 1460 1012 nos
1466 964 1571 1014 menime
1580 964 1604 1013 in
1613 975 1643 1014 eo

41 1045 211 1124 συμμένοιμεν
226 1045 267 1105 άν.
308 1045 352 1105 Ti
370 1043 418 1122 μὲν
433 1034 477 1102 σύν
493 1043 562 1103 ἄλλα
575 1039 670 1122 σχεδόν
687 1066 715 1102 τι
728 1067 816 1103 συνω-
857 1051 1008 1116 persiituros.
1040 1051 1170 1102 Enimuero
1178 1049 1376 1102 ooterisinreisus
1384 1063 1458 1115 prope
1465 1051 1643 1113 consentimus,

41 1133 195 1210 μολόγηται,
208 1129 270 1213 περί
282 1130 310 1190 δὲ
324 1135 370 1203 τῆς
382 1130 525 1211 ἡγεμονίας
537 1136 583 1190 νῦν
598 1135 616 1202 ἡ
631 1129 732 1211 σκέψις.
772 1133 816 1210 Τῇ
858 1143 953 1190 tsntnsn
964 1138 995 1190 sie
1007 1139 1140 1204 principum
1153 1141 1228 1189 restet
1239 1139 1305 1202 quoti
1320 1139 1508 1190 consideremus.
1540 1141 1573 1189 st
1584 1151 1644 1188 vero

41 1217 83 1296 μὲν
95 1211 139 1278 οὖν
155 1219 236 1298 βουλῇ
249 1215 472 1300 προὸεδούλιυται
483 1216 613 1299 ὑμετέραν
626 1216 674 1295 μὲν
689 1208 756 1276 ε’ίναι
768 1215 817 1289 τήν
859 1229 957 1275 sensim
970 1224 1021 1288 ism
1037 1229 1093 1276 unte
1106 1225 1201 1276 oensuit
1216 1225 1344 1274 sutoriiste
1354 1237 1412 1288 sus,
1429 1225 1502 1274 meris
1515 1223 1644 1287 imperinm

41 1306 103 1366 κατὰ
114 1307 257 1377 θάλατταν,
271 1304 486 1384 Λακεδαιμονίων
501 1303 530 1364 δὲ
543 1304 591 1377 τήν
603 1304 673 1366 κατὰ
685 1309 744 1384 γῆν·
756 1303 817 1383 spui
858 1312 929 1362 uobis
942 1311 1036 1374 deberi,
1050 1315 1188 1363 terrestero
1198 1311 1394 1366 meedaemoniis.
1427 1311 1644 1371 Qummihieiitns

41 1394 118 1452 δὲκαὶ
133 1395 205 1475 αὐτῷ
217 1395 288 1455 δοκεῖ
298 1399 383 1452 ταῦτα
394 1396 442 1451 σιἰκ
453 1391 603 1475 ἀνθρωπίνῃ
615 1390 746 1471 μθλλονή
760 1391 817 1474 θείιμ
859 1399 906 1463 ipsi
920 1413 970 1450 non
984 1403 1035 1451 ism
1046 1400 1077 1451 sis
1092 1399 1198 1450 humens
1213 1413 1286 1464 quens
1304 1399 1385 1450 ‹iiuinu
1399 1404 1485 1450 mium
1502 1399 1646 1462 torturisque

41 1482 110 1561 φύσει
127 1505 158 1540 τε
175 1480 220 1540 καὶ
237 1479 306 1560 τύχη
325 1477 470 1560 διωρίσθαι.
513 1482 549 1561 (o)
568 1484 680 1562 Πρῶτον
698 1479 746 1558 μὲν
765 1478 817 1560 γάρ
860 1487 1103 1540 distiuctsvidentur.
1135 1490 1242 1540 Primum
1251 1487 1417 1552 enim‚iooum
1428 1488 1646 1538 hubetissmiurs

42 1569 114 1627 τόπον
131 1568 206 1648 ἔχετε
219 1567 348 1626 κάλλιστα
364 1567 499 1650 περυκότα
512 1568 577 1651 πρὸς
595 1574 681 1628 τοῦτο·
695 1570 819 1627 πλεῖσται
860 1576 1199 1640 oompsrutumsdhooiosgs
1207 1575 1375 1640 pulcherrime.
1408 1579 1470 1627 iism
1479 1576 1590 1626 civitates
1597 1575 1647 1638 piu·
1673 1553 1683 1576 ¹

41 1656 86 1736 γάρ
98 1655 188 1724 πόλεις
198 1660 250 1715 τῶν
265 1654 395 1734 δεομένων
409 1661 456 1728 τῆς
469 1656 600 1729 θαλάττης
613 1656 674 1738 περί
688 1654 737 1729 τήν
751 1659 819 1733 ύμε-
860 1664 943 1726 rimus,
955 1665 1164 1729 quoemsrioerere
1173 1667 1309 1728 nequeumt,
1319 1665 1373 1717 urbi
1382 1667 1470 1714 restrae
1479 1662 1566 1712 tioium
1576 1665 1647 1725 suot;

41 1744 112 1826 τέραν
126 1743 202 1804 πολιν
215 1747 327 1817 οἰκοῦσι,
339 1743 385 1803 καλ
396 1736 475 1804 αύται
486 1753 571 1803 πᾶσαι
580 1744 763 1826 ἀσθενέστεραι
772 1745 819 1815 τῆς
861 1755 1234 1816 nequeumvussesuntresus
1245 1757 1420 1808 imbsoiiiiores.
1462 1759 1646 1818 ersterespor·

42 1832 173 1914 ὑμετέρας.
213 1831 285 1914 Πρὸς
293 1829 395 1899 τούτοις
404 1830 432 1891 δὲ
440 1832 547 1910 λιμένας
555 1823 687 1912 {poruſsis
695 1830 758 1890 sisso
769 1831 821 1911 οὐχ
862 1839 985 1891 merobis
997 1845 1071 1902 suni,
1086 1841 1178 1906 ubsque
1192 1841 1415 1906 quibusmvsiium
1431 1841 1648 1907 sopierumnuiius

42 1911 89 1978 οἷόν
106 1943 137 1978 τε
157 1923 267 1998 ναυτικῇ
283 1918 393 1997 δυνάμει
412 1924 536 2002 χρῆσθαι.
576 1917 640 1982 Ἔτι
657 1917 686 1979 δέ
706 1920 821 2002 τριήρεις
862 1932 980 1979 estusus.
1013 1929 1097 1980 sinite
1111 1929 1247 1982 itomsobis
1263 1929 1374 1982 triremem
1389 1934 1459 1992 sunt,
1473 1942 1502 1980 no
1517 1931 1647 1994 patrisso·

41 2007 164 2080 κέκτησθε
176 2005 291 2079 πολλάς,
304 2005 350 2065 καὶ
362 2005 473 2088 πάτριον
487 2010 549 2085 ύμῖν
561 2009 617 2066 ἐστι
628 2007 749 2066 ναυτικὸν
760 2009 821 2066 ἐπι·
862 2016 1122 2081 isisestoonspsrsndae
1131 2019 1292 2069 uisssisourn.
1324 2017 1649 2069 ismartessuiisseneces·

41 2101 159 2154 κτᾶσθαι.
168 2095 199 2174 (s)
207 2093 287 2154 Ἀλλὰ
296 2092 349 2172 μήν
357 2092 405 2162 τάς
411 2116 442 2174 γε
450 2091 544 2172 τέχνας
554 2091 601 2161 τάς
608 2093 670 2174 πιρί
676 2099 761 2153 ταῦτα
768 2093 822 2154 πά·
863 2105 934 2155 serm
947 2105 1042 2169 proprie
1052 2110 1140 2156 vestrm
1150 2109 1207 2156 sunt
1218 2121 1224 2155 :
1237 2111 1263 2156 et
1274 2112 1322 2156 issu
1335 2111 1408 2169 sique
1418 2105 1565 2170 experientia
1574 2105 1644 2155 muri·

41 2208 86 2258 σας
95 2189 195 2256 οἰκείας
206 2189 291 2269 ίχετε.
345 2187 402 2249 Καὶ
416 2185 468 2266 μὴν
480 2186 604 2269 ἐμπειρίᾳ
617 2211 647 2264 γε
658 2186 725 2248 πολύ
739 2186 823 2269 προί-
866 2191 978 2242 timorum
988 2193 1382 2256 remmiosgeoeteroseneeiiiiis.
1414 2197 1475 2246 sem
1482 2195 1651 2257 muximspsrs

40 2298 98 2355 χιτε
121 2279 176 2335 τῶν
194 2275 282 2336 ἀλλων
303 2274 365 2356 περὶ
383 2273 418 2334 τά
439 2275 559 2334 ναυτικοί·
582 2280 597 2334 θ
620 2275 672 2357 γάρ
696 2275 750 2355 βίος
769 2284 824 2342 τοῖς
864 2284 972 2331 vestrum
987 2293 1018 2331 ex
1035 2281 1066 2332 iis
1081 2282 1183 2332 victitet.
1214 2284 1270 2342 Quo
1284 2282 1326 2344 iit,
1342 2283 1393 2345 uti,
1408 2282 1467 2332 dum
1484 2296 1522 2332 res
1540 2283 1647 2346 primiss

40 2364 172 2430 πλείστοις
181 2367 255 2443 ὑμῶν
267 2361 321 2422 ἀπὸ
331 2368 378 2434 τῆς
389 2361 527 2434 θαλάττης·
539 2362 603 2432 sices
613 2367 666 2424 τῶν
678 2363 750 2424 ίδίων
765 2366 825 2423 ἐπι·
865 2367 1048 2428 consumimus
1058 2369 1131 2419 etism
1140 2369 1314 2420 meritinsomm
1321 2369 1559 2422 oerisminumusum
1568 2383 1649 2420 eonse-

42 2452 181 2530 μελόμενοι
202 2450 260 2529 ἅμα
277 2450 323 2511 καί
336 2454 388 2509 τῶν
405 2449 475 2509 κατά
495 2449 628 2510 θάλατταν
643 2450 752 2531 ἀγώνων
772 2449 824 2530 ίμ-
866 2457 981 2518 quemini.
1016 2456 1097 2520 Addo,
1113 2457 1179 2521 quod
1194 2471 1315 2522 nusquam
1329 2458 1406 2520 major
1419 2459 1553 2509 triremium
1568 2459 1651 2522 copis,

42 2561 127 2620 πειροι
155 2536 281 2617 γίγνεσθε.
321 2536 385 2598 ,Ἔτι
411 2535 439 2596 si
461 2535 508 2596 καί
531 2535 599 2597 τόδι·
621 2539 766 2619 οὐδαμόθεν
792 2538 824 2599 δν
866 2543 1062 2606 qusmsrohis,
1074 2545 1196 2608 prodest:
1213 2558 1378 2608 qnaerssnon
1394 2546 1521 2609 porumsd
1534 2547 1652 2611 princips-

42 2627 157 2708 τριήρεις
178 2624 283 2693 πλείους
303 2623 395 2706 ἀθρόαι
416 2621 587 2684 ἐκπλεύσειαν
612 2623 629 2698 ἢ
654 2627 718 2707 παρ’
741 2631 824 2705 ὑμῶν,
868 2633 920 2680 tum
936 2630 1052 2680 momenti
1063 2631 1141 2681 affert.
1174 2631 1235 2682 iiam
1249 2631 1280 2682 sd
1291 2645 1363 2694 eum,
1380 2633 1421 2696 qui
1433 2633 1483 2695 jsm
1499 2638 1650 2696 potensest,

41 2708 120 2774 Ἐστι
138 2713 168 2772 δὲ
187 2718 266 2772 τοῦτο
284 2713 332 2772 οὐκ
352 2711 491 2792 ἐλάχιστον
510 2712 575 2794 πρδς
589 2713 741 2792 ἡγεμονίαν·
761 2714 827 2797 πρδς
866 2717 978 2768 iubenior
992 2729 1076 2768 omnes
1092 2731 1119 2770 ss
1138 2719 1271 2769 conterunt.
1304 2720 1413 2784 Denique
1431 2719 1548 2771 divinitus
1564 2721 1609 2770 isso
1628 2721 1653 2770 iu

42 2801 250 2882 γὰρτὸπριῖιτον
259 2799 365 2881 ἰσχυρὸν
375 2797 512 2880 γενόμενον
519 2799 616 2872 ἥδιστα
625 2800 723 2870 πάντες
734 2801 827 2862 συλλή.
868 2809 935 2868 purte
954 2806 1065 2868 quesisse
1080 2806 1150 2856 vobis
1168 2809 1206 2856 est
1224 2817 1338 2858 eoncessn
1354 2807 1464 2858 ieiicitss.
1497 2811 1558 2859 iinrn
1575 2821 1652 2872 quum
1700 2790 1708 2802 ⁸

43 2912 142 2968 γονται.
187 2889 220 2967 (ε)
233 2886 297 2948 Ἔτι
317 2887 345 2946 oi
362 2886 408 2948 καλ
422 2887 476 2946 ἀπὸ
495 2891 548 2946 τῶν
562 2891 626 2948 θεῶν
645 2888 747 2948 δέδοται
765 2895 826 2968 ὑμῖν
868 2891 991 2956 plurimis,
1006 2893 1089 2958 eisque
1107 2894 1217 2944 maximis
1235 2895 1405 2946 certaminibus
1422 2897 1448 2946 iu
1463 2895 1524 2946 mesi
1546 2896 1653 2946 seiuncti

43 2980 164 3057 εὐωχεῖν
175 2978 202 3035 ἐν
211 2973 305 3059 τούτῳ·
316 2974 454 3043 πλείστους
463 2972 566 3058 γάρκαί
578 2974 715 3056 μεγίστους
726 2981 828 3056 ἀγῶνας
869 2981 935 3041 sitis,
949 2985 1029 3032 tomen
1042 2980 1159 3046 inpsuois
1170 2983 1302 3033 edmodum
1311 2996 1426 3035 sumessu
1435 2984 1559 3047 caruistis,
1569 2986 1594 3035 in
1602 2984 1654 3049 plu·

41 3062 216 3141 ἠγωνισμένοι
226 3060 296 3122 κατά
310 3062 442 3122 θάλατταν
457 3062 586 3143 ἀλάχιστα
597 3061 644 3141 μίν
659 3065 828 3145 ἀπστετιχή-
868 3067 937 3117 rimis
948 3080 974 3118 ro
987 3076 1186 3133 prosptsogtisti.
1220 3070 1382 3131 Quamobrem
1396 3076 1584 3123 oonsenisneum
1600 3077 1655 3135 esi,

40 3173 120 3226 κατε,
134 3154 248 3210 πλεῖστα
262 3148 291 3209 δὲ
311 3148 513 3231 κατωρθώκατε.
553 3151 634 3219 Etsi<
647 3143 691 3211 σύν
705 3153 751 3213 καὶ
769 3152 829 3222 τοὺς
869 3156 943 3206 eiiam
959 3157 1038 3207 sooios
1053 3158 1220 3209 lubentissime
1235 3159 1360 3210 vobiscum
1375 3160 1428 3211 hmo
1444 3160 1550 3223 pericuie
1565 3160 1654 3212 subire.

42 3240 201 3320 συμμάχους
217 3240 274 3317 μεθ’
288 3242 360 3317 ὑμῶν
379 3238 410 3298 ἀν
425 3239 520 3310 ἥδιστα
537 3239 631 3299 τούτου
644 3246 691 3300 τοῦ
709 3240 828 3301 κινδύνου
869 3245 924 3294 Jtm
933 3244 1060 3295 munemne
1069 3246 1349 3311 reioursminprimised
1361 3250 1595 3310 vos,etneoesserio
1607 3250 1656 3312 qui·

41 3327 175 3409 μετέχειν.
217 3326 264 3396 Ὡς
282 3326 310 3385 ii
329 3326 362 3399 δή
381 3326 427 3385 καί
446 3326 577 3405 ἀναγκαία
596 3327 643 3387 καί
662 3330 829 3412 προς-ήκουσα
870 3332 926 3383 dem
933 3332 1231 3397 pertinere,relimexhoo
1238 3336 1657 3399 perpendetis:sessemntndsersus

42 3419 103 3493 ὑμῖν
115 3414 212 3487 πύτηή
225 3413 361 3493 ἐπιμέλεια
371 3415 401 3472 ἐκ
414 3416 495 3473 τῶνδε
509 3414 680 3492 ἐνθυμήθητε.
721 3417 756 3495 (ι)
771 3422 828 3479 Λα·
870 3432 915 3470 sos
925 3420 1159 3484 uiiqusndobeiium
1170 3424 1252 3473 multis
1263 3425 1332 3475 suuis
1347 3424 1655 3488 Lamdaemonii,etquurs-

40 3500 205 3580 monoptoton
219 3505 279 3579 ύμῖν
293 3500 437 3579 ἐπολέμουν
452 3502 515 3561 ποτὲ
529 3502 616 3561 πολλά
630 3502 692 3575 έτη,
704 3504 751 3563 καί
764 3528 830 3585 κρα-
871 3520 944 3571 quum
959 3522 1015 3571 egro
1029 3514 1111 3561 restro
1129 3512 1273 3575 potirentur,
1291 3512 1366 3562 nihilo
1382 3516 1463 3563 umen
1479 3514 1555 3576 nssgis
1569 3514 1658 3565 ideireo

40 3594 149 3655 τοῦντες
162 3592 209 3658 τῆς
221 3586 311 3667 χώρας
330 3586 404 3647 οὐδὲν
421 3587 588 3669 προύκοπτον
605 3589 642 3658 είς
657 3588 688 3648 τὸ
703 3591 830 3650 ἀπολέσαι
871 3608 916 3646 sos
931 3598 1032 3659 perdere
1044 3596 1153 3649 tunditus
1168 3603 1306 3662 potuerunt.
1340 3602 1431 3650 Ver-um
1443 3598 1484 3649 uisi
1502 3601 1598 3652 isndem
1616 3602 1658 3651 sii·

41 3680 120 3754 ὑμᾶς.
164 3674 243 3737 Ἐπεί
254 3675 276 3733 δ’
288 3678 303 3732 θ
316 3674 372 3742 θεὸς
383 3673 467 3734 ἔδωκά
477 3698 541 3734 ποτε
553 3676 720 3743 αθτοῑςκατά
732 3678 831 3737 θαλατ-
872 3683 969 3747 meando
981 3684 1042 3736 (isus
1056 3684 1102 3735 hoo
1113 3686 1149 3736 eis
1159 3686 1290 3748 oonoessii,
1302 3691 1329 3737 ut
1343 3688 1415 3737 etium
1429 3689 1489 3737 mori
1501 3701 1581 3739 rerum
1598 3692 1658 3753 poti-

39 3786 88 3821 ταν
99 3760 547 3844 ἐπικρατῆσαι,εὖθδςύπ’έκείνοις
559 3765 696 3833 παντελῶς
704 3764 830 3844 ἐγένεσθε.
872 3776 970 3834 rentur,
987 3772 1113 3823 ooniestim
1129 3772 1154 3823 in
1171 3786 1254 3825 eorum
1271 3778 1414 3837 potestatem
1434 3776 1530 3838 penitus
1547 3778 1657 3829 venistis.

41 3854 150 3911 Οὐκοῦν
168 3850 277 3921 εὔδηλον
295 3852 323 3908 ἐν
335 3848 436 3917 τούτοις
449 3849 519 3909 ἐστὶν
536 3849 577 3909 ότι
592 3853 622 3910 tx
641 3856 688 3925 τῆς
701 3852 832 3925 θαλάττης
873 3862 909 3911 iio
926 3872 977 3923 quo
995 3860 1044 3922 jem
1060 3861 1185 3923 perspicuo
1207 3864 1286 3924 putei,
1304 3866 1379 3911 totum
1398 3862 1500 3912 sulutem
1519 3868 1625 3915 vestram
1645 3880 1660 3917 s

41 3936 361 4018 ἀπασαθμῖνήριηταιὴ
374 3936 503 4019 σωτηρία.
544 3931 737 4016 (τίθύτωςούν
749 3964 833 4022 περυ-
873 3949 1053 4013 meripendere.
1087 3954 1168 4009 Quum
1178 3952 1250 4015 igitur
1259 3953 1292 4003 iis
1300 3958 1443 4017 conspersis
1453 3968 1492 4005 res
1500 3960 1587 4005 restrse
1597 3956 1659 4015 sini,

40 4024 129 4084 κότων
137 4028 195 4092 πῶς
204 4024 235 4083 ἀν
243 4023 299 4103 έχοι
306 4027 393 4093 καλῶς
401 4028 463 4102 ύμῖν
471 4025 688 4104 Λακεδαιμονίοις
695 4026 833 4109 ἐπιτρίψαι
874 4041 974 4099 quinum
983 4038 1053 4089 vobis
1064 4040 1188 4103 expediat,
1201 4042 1339 4105 permittere
1351 4042 1552 4105 Lacedaemoniis,
1562 4048 1589 4094 ut
1600 4044 1660 4093 muri

41 4111 116 4170 κατὰ
129 4111 264 4170 θάλατταν
275 4116 410 4189 ἡγεῖσθαις
424 4109 450 4169 οἳ
458 4116 550 4193 πρῶτα
563 4113 610 4191 μὲν
624 4112 670 4172 καί
684 4114 758 4173 αὐτοὶ
770 4119 834 4192 θμο-
875 4136 955 4173 rmum
965 4125 1102 4188 potientur?
1113 4125 1150 4177 liii
1162 4126 1275 4177 nimirum
1285 4129 1390 4192 primum
1401 4130 1447 4195 ipsi
1460 4130 1575 4191 intentur,
1588 4142 1614 4183 se
1626 4131 1660 4181 roi

39 4202 170 4278 λογοῢσιν
192 4198 356 4279 ἀπειρότεροι
379 4201 452 4277 ὑμῶν
474 4197 567 4259 τούτου
586 4204 633 4260 τοῦ
655 4200 731 4282 ἔργου
751 4192 833 4273 εἶναι,
875 4209 978 4261 muticae
992 4212 1148 4275 imperitiores
1162 4214 1231 4264 vobis
1247 4228 1321 4265 esse:
1338 4215 1424 4267 deinde
1439 4230 1487 4267 non
1498 4230 1542 4281 por
1553 4219 1661 4282 utrisque

39 4286 139 4346 ἔπειτα
152 4284 175 4344 δ’
186 4287 216 4344 ού
226 4286 347 4366 περὶτῶν
357 4284 421 4345 ίσων
433 4285 573 4355 θκίνδυνός
583 4290 654 4346 ἐστιν
664 4292 691 4348 ἐν
701 4298 754 4357 τοῖς
765 4287 834 4348 κατά
875 4298 1008 4361 periculum
1020 4298 1146 4349 maritimis
1161 4300 1186 4351 in
1200 4302 1372 4353 certaminibus
1387 4308 1424 4353 esi
1438 4305 1601 4368 propositum
1619 4304 1661 4355 sed

40 4372 181 4431 θάλατταν
201 4375 309 4451 ἀγῶσιν,
325 4372 382 4432 ἀλλ’
397 4372 501 4439 ἐκείνοις
521 4372 569 4447 μὲν
587 4373 648 4455 περί
666 4376 718 4433 τῶν
731 4378 758 4434 έν
777 4384 835 4444 ταῖς
854 4333 857 4424 ί
876 4385 924 4436 silis
932 4385 1029 4449 quidem
1043 4388 1121 4450 agitur
1132 4387 1162 4439 ‹ie
1178 4390 1208 4439 iis
1220 4390 1357 4441 hominibus
1369 4396 1478 4453 tontum,
1494 4394 1583 4455 quihus
1594 4394 1660 4443 trire·

38 4459 168 4541 τριήρεσι
179 4457 257 4537 μόνον
268 4456 422 4541 ἀνθράκτων,
431 4462 493 4537 ύμῖν
506 4458 534 4517 δὲ
548 4460 594 4519 καὶ
605 4460 667 4541 περί
676 4462 778 4521 παίδων
788 4464 834 4522 καί
876 4487 929 4523 mes
945 4474 1102 4537 oompientur,
1121 4476 1190 4527 vohis
1202 4491 1260 4529 vero
1274 4478 1306 4529 de
1320 4478 1415 4542 liberis,
1427 4482 1555 4543 uxoribus,
1565 4480 1662 4531 civitate

38 4552 180 4627 γυναικῶν
199 4548 244 4607 καί
262 4546 324 4619 όλης
341 4552 388 4620 τῆς
402 4546 511 4615 πόλεως.
555 4549 586 4625 (s)
606 4549 662 4609 Καί
679 4548 713 4608 τά
734 4549 834 4629 μὲνδὴ
877 4563 996 4612 unirerss.
1029 4564 1170 4627 itqueissuo
1182 4572 1318 4617 vestrarum
1327 4572 1452 4619 estremm
1461 4568 1579 4628 modium
1591 4572 1662 4619 Leue-

39 4637 166 4716 ὑμέτερα
177 4634 256 4703 οὕτως
268 4634 331 4716 ἔχει·
346 4633 380 4694 τδι
394 4632 421 4693 δὲ
435 4638 487 4693 τῶν
501 4636 716 4713 Λακεδαιμονίων
730 4637 836 4698 ἐπισκέ-
877 4649 1051 4700 demoniorum
1067 4664 1182 4717 veroquo
1197 4659 1268 4717 poeto
1283 4656 1328 4717 sit,
1343 4656 1416 4706 etism
1431 4656 1521 4705 videte.
1555 4656 1662 4706 Primum

38 4728 142 4805 ψασθε.
186 4724 298 4804 Πρῶτον
314 4720 361 4799 μὲν
375 4718 427 4804 γόιρ
441 4724 555 4781 οἰκοῦσιν
570 4724 597 4781 ἀν
612 4723 752 4805 μεσογαίᾳ·
770 4724 834 4793 ὥςτι
878 4738 1076 4789 mediterraneum
1089 4740 1209 4802 regionem
1218 4742 1324 4792 inooiunt
1337 4757 1344 4791 ι
1357 4742 1666 4807 quoiit‚uitnmeisimsri

39 4817 91 4881 τῆς
106 4815 162 4890 γῆς
171 4814 326 4891 κρατοῦντες
336 4808 383 4868 καί
394 4812 416 4867 εί
428 4809 559 4881 θαλάττης
569 4808 709 4891 εἴργοιντο,
722 4810 833 4872 δύναιντ’
878 4831 1013 4888 eroesntur,
1030 4827 1185 4878 nihilominus
1199 4830 1274 4879 vitem
1288 4842 1357 4892 ogere
1373 4832 1540 4895 percommode
1555 4834 1664 4896 possint,

38 4900 74 4958 ἂν
95 4900 191 4964 καλῶς
211 4898 310 4969 διαζῆν.
352 4896 513 4974 Ἐγνωκότες
533 4888 577 4956 σύν
598 4897 644 4957 καί
662 4901 737 4960 αὐτοὶ
754 4907 838 4960 ταῦτα
878 4914 1038 4978 idcircoquod
1046 4916 1243 4980 terrupotisotur.
1269 4919 1330 4977 Quoe
1338 4932 1413 4982 quum
1425 4924 1450 4969 ei
1461 4920 1507 4984 ipsi
1515 4920 1664 4983 intelligant,

39 4986 122 5053 εὐθὺς
132 4987 166 5043 ἐκ
174 4984 276 5043 παίδοιν
286 4984 351 5065 πρὸς
357 4984 401 5043 τὸν
411 4983 481 5044 κατά
487 4989 536 5063 γῆν
545 4983 661 5064 πόλεμον
668 4986 716 5059 τήν
726 4989 838 5063 ἄσκησιν
879 5000 961 5051 stetim
973 5015 988 5052 u
999 5004 1080 5067 pueris
1091 5003 1122 5053 sd
1134 5018 1163 5054 es
1174 5017 1200 5055 se
1209 5005 1271 5055 belis
1280 5006 1476 5068 oonsueimiunt,
1486 5022 1541 5071 qum
1551 5012 1615 5059 terro
1625 5022 1664 5072 ge-

37 5080 197 5134 πσιοῦνται.
239 5071 465 5133 Καλτὸπλείστου
475 5072 497 5129 δ’
510 5072 837 5146 άξιον,τὸπείθεσθαιτοῖς
879 5093 1082 5155 motuumque}
1093 5092 1665 5157 quidemresmsximiesimomeuti,nimirum

40 5164 190 5244 ἄρχουσιν,
202 5150 273 5219 ούτοι
284 5157 331 5238 μέν
343 5159 477 5241 κράτιστοι
491 5159 561 5220 κατά
575 5165 634 5241 γῆν,
647 5166 720 5242 ὑμεῖς
731 5164 759 5224 δὲ
770 5164 839 5225 κατά
879 5181 908 5228 ut
923 5178 1102 5241 magistrotibus
1114 5186 1239 5244 parentur,
1253 5183 1277 5231 in
1287 5183 1333 5234 iroo
1344 5183 1389 5247 ipsi
1402 5185 1522 5249 principue
1534 5189 1596 5235 ierrs
1608 5198 1666 5251 prus·

38 5250 197 5312 θάλατταν.
240 5250 273 5326 (ι)
284 5243 400 5309 Ἔπειτα
409 5247 437 5308 δέ
448 5247 533 5319 ὦσεν
542 5254 841 5336 ύμεῑςναυτικῷ,οθτως
881 5270 959 5328 stunt,
974 5279 1019 5317 ros
1031 5268 1100 5318 muri.
1133 5268 1225 5321 Deinde
1241 5270 1445 5334 quemadmodum
1462 5285 1506 5324 uos
1521 5272 1653 5325 maritimus

161 5390 292 5427 uiiiii‘isois.
1574 5377 1600 5415 ³0
