3725 5950
1007 483 1399 543 HISTORIAE
1442 483 1748 543 GRAECAE
1790 486 1934 546 LlB.
1981 489 2083 550 lV.
2129 490 2295 553 CAP.
2340 493 2440 554 lv.

3224 517 3335 567 891

115 617 286 695 ἄνδρα
315 613 593 694 εἰς-πέμψαι
622 610 942 694 σκεψόμενον
977 612 1046 669 τὰ
1074 611 1236 674 ἔνδον.
1320 610 1417 673 Τὼ
1454 612 1510 672 δὲ
1547 615 1689 685 εῖςη-
1779 623 1957 674 minem
1972 625 2123 677 lidum
2139 629 2188 679 in
2203 630 2372 680 urbem
2387 631 3112 700 mitterecogttabat,qulomnia
3125 641 3258 702 prius
3271 656 3350 692 ex·

113 704 349 782 γαγέτην
373 702 463 761 καὶ
487 701 650 768 οὕτως
673 701 856 768 ἁπλῶς
876 699 1220 773 ἀπεδειξάτην
1244 698 1372 767 ὥςτε
1394 705 1423 759 6
1446 700 1692 760 εἰσελθὼν

114 793 388 872 ἐξήγγειλε
405 788 580 850 πάντα
600 780 734 848 εἶναι
753 786 952 855 ἀδόλως
970 779 1155 869 οἷάπερ
1177 787 1436 867 ἐλεγέτην.
1504 790 1568 867 (9)
1592 790 1692 850 Ἐκ

113 880 309 939 τούτου
333 879 377 937 δ’
403 877 707 959 εἶςέρχεται.
791 875 885 943 Ὡς
906 872 964 934 δὲ
986 873 1123 934 πολὺ
1151 874 1429 953 διεχόντων
1457 878 1563 933 τῶν
1585 899 1693 934 τει-

113 971 230 1111 7ῖῶ”
256 968 348 1024 ἀπ’
371 965 615 1074 ww?
632 962 1279 1121 ἶῗὲἶῖῗῌῗιῖἔῖἶῗίῖἶῖ
1294 962 1691 1110 ἐῖῗῗιὶἷδῖἓῗ

116 1078 138 1112 ε
162 1079 257 1112 ναι
315 1078 448 1112 σταυ
574 1077 608 1111 α
1661 1087 1692 1095 -

114 1099 284 1202 ναντο,
307 1142 410 1224 πρὸ
438 1077 642 1212 QZ„
671 1139 766 1206 ἕως
795 1137 858 1210 δὴ
888 1142 937 1196 οἱ
973 1135 1249 1219 σύμμαχοι
1272 1073 1462 1206 {zm-015
1495 1138 1692 1218 βοηθή-

115 1254 281 1290 σοιεν.
363 1221 473 1290 τΗν
502 1227 557 1288 δὲ
586 1227 677 1288 καὶ
700 1228 911 1287 ὄπισθεν
943 1230 1132 1285 αὐτῶν
1145 1229 1198 1284 ἐν
1224 1230 1300 1307 τῷ
1326 1225 1498 1304 λιμένι
1527 1230 1694 1287 Βοιω-

112 1323 223 1377 τῶν
257 1316 483 1400 φυλακή.
567 1314 684 1387 Τὴν
714 1313 812 1393 μὲν
852 1304 939 1372 οῦν
979 1312 1068 1372 ἐπὶ
1102 1318 1168 1394 τῇ
1206 1314 1355 1372 νυκτὶ
1391 1306 1429 1393 ᾗ
1466 1316 1694 1386 εἷςῆλθον

114 1403 332 1487 ἡμέραν
361 1403 565 1484 ἄμαχοι
594 1401 860 1482 διήγαγον·
886 1406 951 1482 τῇ
985 1401 1029 1459 δ’
1059 1400 1309 1483 ὑστεραία
1337 1394 1466 1474 ἧκον
1494 1405 1541 1460 οἱ
1572 1401 1693 1483 Ἀρ-

113 1503 252 1570 γεῖοι
287 1491 554 1572 πασσυδίᾳ
600 1495 921 1570 βοηθοῦντες·
953 1488 1047 1547 καὶ
1084 1487 1314 1570 εὑρόντες
1348 1488 1695 1566 τεταγμένους

116 1580 573 1658 Λακεδαιμονίους
603 1575 699 1656 μὲν
728 1577 816 1636 ἐπὶ
844 1581 919 1659 τῷ
948 1576 1096 1658 δεξιῷ
1125 1581 1352 1650 ἑαυτῶν,
1379 1575 1695 1644 Σικυωνίους

115 1669 170 1727 δὲ
211 1668 521 1748 ἐχομένους,
553 1665 839 1748 Κορινθίων
869 1663 925 1723 δὲ
951 1663 1068 1732 τοὺς
1096 1664 1330 1746 φυγάδας
1355 1669 1425 1733 ὡς
1464 1667 1534 1732 εἷς
1563 1687 1694 1723 πεν-

112 1756 351 1826 τήκοντα
375 1753 468 1814 καὶ
497 1753 682 1812 ἑκατὸν
699 1753 830 1835 πρὸς
848 1756 924 1834 τῷ
948 1751 1064 1835 ἑῴῳ
1084 1751 1275 1832 τείχει,
1300 1752 1692 1812 ἀντιτάττονται

115 1841 363 1922 ἐχόμενοι
388 1840 492 1921 [δὲ]
514 1847 606 1900 τοῦ
641 1839 774 1922 ἑῴου
816 1841 1022 1921 τείχους
1044 1845 1092 1900 οἱ
1124 1841 1246 1922 περὶ
1274 1841 1577 1923 Ἰφικράτην
1606 1865 1693 1918 μι-

116 1931 393 2013 σθοφόροι,
421 1929 550 2011 πρὸς
587 1927 641 1988 δὲ
678 1928 879 1998 τούτοις
908 1930 1144 2011 Ἀργεῖοι·
1179 1927 1445 2007 εὐώνυμον
1474 1930 1518 1988 δ’
1551 1920 1692 2009 εἶχον

116 2022 300 2086 αὐτοῖς
330 2017 592 2097 Κορίνθιοι
620 2019 668 2075 οἱ
697 2019 760 2074 ἐκ
784 2021 878 2088 τῆς
917 2016 1134 2084 πόλεως.
1218 2017 1311 2096 (10)
1343 2018 1695 2101 Καταφρονη-

115 2130 306 2172 σαντες
345 2103 402 2164 δὲ
428 2110 505 2185 τῷ
532 2104 721 2176 πλήθει
750 2103 898 2172 εὐθὺς
924 2103 1172 2185 ἐχώρουν·
1202 2106 1294 2165 καὶ
1322 2105 1440 2174 τοὺς
1468 2108 1563 2184 μὲν
1598 2111 1697 2168 Σι-

113 2194 372 2261 κυωνίους
413 2191 709 2275 ἐκράτησαν
749 2192 842 2250 καὶ
878 2191 1267 2260 διασπάσαντες
1304 2193 1365 2253 τὸ
1402 2194 1692 2276 σταύρωμα

115 2281 337 2340 ἐδίωκον
377 2280 464 2338 ἐπὶ
500 2279 794 2353 θάλατταν,
825 2279 916 2338 καὶ
955 2282 1064 2338 ἐκεῖ
1103 2281 1328 2348 πολλοὺς
1363 2284 1534 2341 αὐτῶν
1564 2283 1695 2342 ἀπέ-

112 2394 349 2430 κτειναν.
436 2367 756 2448 Πασίμαχος
781 2368 836 2426 δὲ
856 2372 884 2425 6
906 2367 1308 2450 ἱππαρμοστὴς,
1336 2369 1472 2450 ἔχων
1500 2369 1696 2438 ἱππέας

113 2461 174 2516 οὗ
201 2454 456 2528 πολλοὺς,
481 2460 551 2524 ὡς
575 2453 714 2537 ἐώρα
732 2454 852 2522 τοὺς
877 2456 1194 2524 Σικυωνίους
1214 2457 1571 2535 πιεζομένους,
1596 2482 1694 2517 κα-

112 2545 356 2616 ταδήσας
380 2544 486 2603 ἀπὸ
509 2541 730 2625 δένδρων
756 2542 874 2611 τοὺς
901 2541 1122 2617 ἵππους,
1147 2545 1239 2604 καὶ
1264 2545 1578 2626 ἀφελόμενος
1602 2548 1695 2614 τὰς

114 2635 351 2700 ἀσπίδας
379 2636 578 2706 αὐτῶν,
609 2632 744 2710 μετὰ
767 2637 872 2691 τῶν
901 2635 1180 2693 ἐθελοντῶν
1210 2635 1293 2714 ᾔει
1333 2635 1561 2694 ἐναντίον
1590 2646 1695 2705 τοῖς

114 2722 384 2804 Ἀργείοις.
466 2724 537 2781 Οἳ
561 2719 616 2778 δὲ
635 2718 855 2801 Ἀργεῖοι
873 2724 1092 2801 δρῶντες
1110 2718 1178 2779 τὰ
1201 2719 1368 2798 σίγμα
1390 2719 1457 2779 τὰ
1479 2722 1566 2781 ἐπὶ
1589 2728 1692 2782 τῶν

114 2810 388 2881 ἀσπίδων,
415 2812 487 2876 ὥς
513 2807 834 2876 Σικυωνίους
861 2807 1009 2867 οὐδὲν
1046 2806 1346 2889 ἐφοὸοῦντο.
1430 2804 1600 2870 Ἔνθα
1630 2810 1693 2882 δὴ

111 2898 333 2976 λέγεται
374 2894 536 2955 εἰπὼν
575 2899 604 2955 6
643 2894 966 2978 Πασίμαχος
1009 2895 1115 2957 Ναὶ
1157 2894 1233 2954 τὼ
1281 2894 1407 2969 σιὼ,
1449 2896 1694 2980 Ἀργεῖοι,

111 2986 302 3068 ψεύσει
328 2985 469 3064 ὔμμε
495 2983 564 3044 τὰ
593 2985 760 3064 σίγμα
783 2990 987 3058 ταῦτα,
1016 2993 1209 3066 χωρεῖν
1235 2984 1416 3064 ὁμόσε·
1440 2986 1531 3045 καὶ
1557 2986 1693 3046 οὕτω

112 3074 421 3155 μαχόμενος
458 3074 572 3153 μετ’
602 3072 790 3152 ὀλίγων
817 3073 948 3155 πρὸς
974 3072 1198 3141 πολλοὺς
1241 3074 1559 3147 ἀποθνήσκει
1598 3075 1693 3134 καὶ

112 3166 273 3223 ἄλλοι
292 3168 396 3221 τῶν
411 3162 534 3245 περὶ
546 3159 724 3222 αὐτόν.
812 3163 900 3239 (ιι)
923 3165 994 3222 Oi
1016 3160 1193 3239 μέντοι
1209 3162 1435 3243 φυγάδες
1454 3167 1558 3222 τῶν
1579 3167 1691 3225 Κο-

112 3250 324 3332 ρινθίων
352 3254 595 3316 νικῶντες
621 3247 740 3317 τοὺς
767 3248 883 3308 καθ’
924 3248 1109 3317 αὑτοὺς
1147 3249 1387 3308 διέδυσαν
1428 3250 1564 3323 ἄνω,
1602 3253 1693 3311 καὶ

110 3339 356 3416 ἐγένοντο
391 3338 547 3417 ἐγγὺς
574 3343 666 3396 τοῦ
698 3336 820 3418 περὶ
846 3336 909 3396 τὸ
937 3336 1070 3396 ἄστυ
1094 3336 1305 3397 κύκλου·
1335 3340 1382 3398 οἱ
1411 3339 1455 3397 δ’
1484 3331 1553 3397 αὖ
1581 3346 1694 3402 Λα-

109 3426 440 3505 κεδαιμόνιοι
471 3430 542 3495 ὣς
577 3426 798 3506 ᾔσθοντο
830 3424 1163 3506 κρατούμενα
1188 3425 1256 3483 τὰ
1279 3424 1417 3485 κατὰ
1440 3426 1558 3495 τοὺς
1592 3432 1692 3490 Σι-

110 3515 394 3587 κυωνίους,
418 3519 693 3595 βοηθοῦσιν
716 3512 1022 3585 ἐξελθόντες,
1047 3516 1100 3572 ἐν
1134 3516 1382 3596 ἀριστερᾷ
1406 3513 1613 3594 ἔχοντες
1633 3517 1694 3575 τὸ

111 3603 434 3685 σταύρωμα.
518 3599 597 3664 Οἵ
619 3626 679 3681 γε
707 3601 814 3682 μὴν
846 3602 1065 3686 Ἀργεῖοι
1089 3603 1203 3661 ἐπεὶ
1229 3602 1461 3676 ἤκουσαν
1483 3603 1694 3665 ὄπισθεν

108 3692 276 3758 ὄντας
309 3690 426 3760 τοὺς
456 3689 931 3771 Λακεδαιμονίους,
969 3688 1282 3772 στραφέντες
1317 3689 1498 3773 δρόμῳ
1533 3692 1692 3752 πάλιν

109 3787 183 3842 ἐκ
210 3786 300 3839 τοῦ
339 3778 716 3862 σταυρώματος
743 3777 1036 3849 ἐξέπιπτον.
1122 3776 1232 3839 Καὶ
1267 3780 1315 3837 οἱ
1343 3777 1440 3856 μὲν
1471 3781 1524 3837 ἐν
1553 3778 1694 3862 δεξιᾷ

112 3871 341 3949 ἔσχατοι
371 3870 544 3927 αὐτῶν
569 3868 848 3947 παιόμενοι
875 3869 949 3935 εἷς
968 3865 1035 3925 τὰ
1063 3864 1239 3947 γυμνὰ
1258 3864 1360 3925 ὕπὸ
1385 3871 1490 3925 τῶν
1520 3871 1694 3928 Λακε-

111 3956 407 4036 δαιμονίων
434 3954 790 4028 ἀπέθνησκον,
814 3960 863 4015 οἱ
891 3953 946 4014 δὲ
964 3954 1094 4038 πρὸς
1118 3958 1195 4036 τῷ
1222 3952 1386 4035 τείχει
1406 3955 1582 4037 ἀθρόοι
1601 3955 1693 4015 σὺν

109 4047 306 4125 πολλῷ
334 4043 477 4126 ὄχλῳ
504 4043 634 4125 πρὸς
661 4041 759 4115 τὴν
786 4043 940 4103 πόλιν
978 4041 1305 4126 ἀπεχώρουν.
1387 4042 1480 4111 Ὡς
1507 4043 1553 4102 δ’
1581 4046 1695 4103 ἐνέ-

110 4157 284 4212 τυχον
308 4141 425 4199 τοῖς
449 4130 644 4213 φυγάσι
671 4135 776 4190 τῶν
805 4130 1095 4213 Κορινθίων
1109 4178 1124 4203 ,
1153 4130 1245 4189 καὶ
1273 4129 1505 4209 ἔγνωσαν
1535 4135 1695 4192 πολε-

114 4221 274 4301 μίους
286 4220 457 4292 ὄντας,
478 4219 765 4279 ἀπέκλιναν
780 4219 961 4280 πάλιν.
1048 4219 1312 4280 Ἐνταῦθα
1333 4218 1512 4297 μέντοι
1531 4222 1579 4279 οἱ
1599 4219 1693 4298 μὲν

112 4307 265 4368 κατὰ
285 4306 380 4374 τὰς
400 4305 666 4385 κλίμακας
685 4306 1052 4373 ἀναὸαίνοντες
1072 4305 1292 4377 ἥλλοντο
1313 4304 1452 4365 κατὰ
1474 4312 1567 4366 τοῦ
1589 4307 1696 4366 τεί-

111 4421 162 4477 χ
161 4420 250 4463 ους
263 4395 354 4454 καὶ
367 4393 730 4477 διεφθείροντο,
745 4397 792 4453 οἱ
808 4392 864 4452 δὲ
878 4392 1001 4475 περὶ
1014 4391 1108 4459 τὰς
1126 4392 1392 4470 κλίμακας
1409 4392 1695 4472 ὠθούμενοι

113 4484 215 4544 καὶ
251 4481 528 4561 παιόμενοι
556 4481 911 4555 ἀπέθνησκον,
939 4484 987 4539 οἱ
1017 4478 1072 4539 δὲ
1111 4480 1202 4539 καὶ
1229 4480 1695 4560 καταπατούμενοι

113 4573 213 4631 ὑπ’
243 4570 486 4643 ἀλλήλων
513 4569 881 4648 ἀπεπνίγοντο.
968 4570 1056 4647 (12)
1085 4571 1157 4630 Οῖ
1186 4568 1242 4627 δὲ
1283 4568 1694 4649 Λακεδαιμόνιοι

114 4663 220 4717 οὐκ
255 4657 482 4730 ἠπόρουν
518 4656 636 4716 τίνα
677 4654 1050 4715 ἀποκτείνοιεν·
1083 4654 1245 4715 ἔδωκε
1284 4654 1386 4738 γὰρ
1423 4655 1541 4716 τότε
1579 4681 1638 4737 γε
1657 4662 1695 4717 6

115 4748 237 4813 θεὸς
263 4730 438 4813 αὐτοῖς
465 4744 613 4827 ἔργον
641 4736 745 4804 οἶον
773 4744 880 4804 οὐδ’
917 4742 1131 4812 εὕξαντό
1163 4743 1280 4803 ποτ’
1310 4743 1390 4804 ἄν.
1475 4744 1556 4807 Τὸ
1592 4744 1694 4829 γὰρ

117 4838 513 4917 ἐγχειρισθῆναι
553 4834 729 4900 αὐτοῖς
767 4830 1033 4910 πολεμίων
1074 4833 1269 4904 πλῆθος
1297 4831 1694 4915 πεφοὸημένον,

117 4920 587 5000 ἐκπεπληγμένον,
621 4919 691 4980 τὰ
722 4919 897 5001 γυμνὰ
922 4919 1155 5004 παρέχον
1169 4966 1184 4993 ,
1219 4919 1305 4980 ἐπὶ
1339 4920 1402 4979 τὸ
1429 4920 1695 5002 μάχεσθαι

118 5010 310 5071 οὐδένα
332 5008 668 5092 τρεπόμενον,
689 5011 761 5077 εἷς
784 5006 839 5068 δὲ
865 5008 926 5069 τὸ
948 5008 1274 5069 ἀπόλλυσθαι
1295 5008 1499 5077 πάντας
1518 5010 1692 5069 πάντα

119 5104 531 5179 ὑπηρετοῦντας,
549 5101 663 5165 πῶς
681 5098 776 5157 οὐκ
794 5096 857 5155 ἄν
875 5120 953 5163 τις
972 5102 1105 5156 θεῖον
1123 5096 1414 5175 ἡγήσαιτο;
1432 5096 1550 5156 τότε
1570 5102 1694 5176 γοῦν

117 5186 291 5253 οὕτως
328 5189 381 5245 ἐν
408 5187 570 5267 ὀλίγῳ
597 5185 782 5244 πολλοὶ
809 5183 996 5243 ἔπεσον
1024 5182 1150 5251 ὥςτε
1178 5185 1458 5263 εἰθισμένοι
1484 5188 1610 5268 ὁρᾶν
1647 5188 1693 5245 οἰ

121 5276 388 5355 ἄνθρωποι
418 5271 612 5354 σωροὺς
642 5272 812 5345 σίτου,
839 5270 1032 5343 ξύλων,
1058 5272 1241 5345 λίθων,
1267 5272 1384 5331 τότε
1410 5273 1692 5333 ἐθεάσαντο

1776 707 2002 768 ploraret.
2028 714 2169 761 Hunc
2178 712 2243 762 illi
2254 713 2352 763 duo
2362 715 2743 778 introduxerunt,
2756 731 2813 768 ac
2822 719 3101 784 simpliciter
3110 735 3350 774 common-

1778 792 1991 839 strarunt
2008 793 2167 841 omnia
2192 808 2204 841 :
2230 807 2329 858 quo
2351 796 2557 859 tactum,
2582 804 2637 848 ut
2660 800 2701 849 is
2720 803 3040 864 renuntiaret,
3063 806 3226 855 omnia
3243 807 3349 857 sine

1778 871 1945 922 fraude
1966 875 2092 936 geri,
2116 879 2525 938 quemadmodum
2548 886 2752 946 uterque
2782 884 3005 936 dixisset.
3071 889 3350 940 Secundum

1780 954 1886 1005 liaec
1918 958 2135 1008 Praxitas
2168 961 2457 1012 Corinthum
2492 965 2773 1027 ingreditur.
2842 973 3007 1027 Quum
3042 975 3209 1022 autem
3251 974 3355 1023 acie

1779 1038 2030 1101 instructa,
2041 1042 2192 1092 muris
2201 1043 2460 1096 admodum
2470 1061 2500 1096 a
2510 1061 2563 1098 se
2573 1049 2774 1100 invicem
2784 1050 3089 1114 distantibus,
3100 1054 3355 1116 pauoeesse

1779 1120 1870 1170 sibi
1896 1122 2185 1184 viderentur,
2201 1127 2327 1177 vallo
2342 1131 2682 1181 semunierunt
2694 1168 2709 1192 ,
2724 1133 2936 1196 itemque
2958 1134 3088 1184 fossa
3102 1136 3204 1198 tali,
3222 1137 3355 1199 quali

1779 1204 1977 1265 quidem
1999 1210 2247 1269 poterant,
2288 1209 2441 1263 donec
2471 1213 2545 1263 eis
2563 1228 2703 1277 opem
2742 1216 2857 1265 socii
2893 1216 3089 1267 ferrent.
3156 1222 3267 1282 Ipso
3302 1220 3353 1268 in

1779 1291 1924 1348 portu
1931 1287 2198 1337 Boeoticum
2216 1292 2494 1354 praesidium
2507 1308 2536 1343 a
2547 1298 2680 1357 tergo
2689 1295 2946 1348 habebant.
2983 1303 3055 1349 Ac
3068 1297 3146 1349 die
3159 1301 3357 1362 quidem

1779 1369 1886 1431 illo,
1912 1373 1996 1435 qui
2018 1374 2080 1422 ab
2102 1388 2160 1425 ea
2186 1380 2326 1427 nocte
2351 1379 2597 1440 proximus
2620 1385 2751 1442 erat,
2774 1395 2872 1444 qua
2896 1381 3085 1432 fuerant
3119 1385 3349 1445 ingressi,

1780 1455 2001 1516 proelium
2024 1457 2211 1507 nullum
2247 1472 2360 1508 cum
2392 1461 2466 1509 eis
2498 1463 2903 1513 committebatur.
2970 1469 3149 1515 venun
3183 1466 3261 1516 die
3293 1468 3357 1517 ab

1780 1541 1870 1591 boc
1898 1543 2047 1594 altero
2069 1547 2227 1608 Argivi
2251 1560 2418 1597 omnes
2450 1550 2621 1610 exciti,
2657 1552 2902 1614 suppetias
2928 1552 3070 1602 laturi
3103 1553 3355 1605 advenere.

1780 1629 2040 1691 Quumque
2082 1630 2472 1681 Lacedaemonios
2522 1634 2753 1685 adversus
2792 1633 2943 1685 cornu
2987 1636 3213 1687 dextrum
3264 1640 3358 1690 sibi

1778 1709 2026 1773 oppositos
2050 1711 2098 1760 in
2129 1713 2231 1762 acie
2255 1713 2596 1775 ostendissent,
2632 1717 2874 1779 proximos
2910 1718 2987 1768 his
3008 1721 3284 1782 Sicyoni0S,
3306 1727 3356 1772 et

1778 1791 1948 1839 exules
1981 1792 2090 1854 plus
2120 1793 2280 1843 minus
2299 1800 2490 1845 centum
2515 1800 2565 1845 et
2601 1797 2947 1860 quinquaginta
2984 1801 3259 1852 Corinthios
3298 1804 3359 1852 ad

1780 1886 1973 1922 murum
1988 1910 2001 1933 ,
2018 1874 2101 1936 qui
2116 1875 2266 1925 solem
2282 1877 2514 1927 orientem
2529 1881 2745 1940 spectat:
2773 1880 2925 1929 aciem
2943 1884 2995 1930 et
3012 1882 3105 1944 ipsi
3127 1897 3265 1933 suam
3291 1884 3360 1934 in·

1780 1959 1972 2003 struunt
1986 1970 1999 2012 3
2012 1960 2156 2016 atnpie
2167 1955 2277 2004 huic
2291 1956 2508 2018 quidem,
2527 1969 2699 2007 versus
2707 1959 2941 2008 orientem
2953 1962 3190 2022 spectanti
3203 1975 3359 2022 muro,

1780 2032 2029 2095 Iphicratis
2047 2033 2327 2083 conductitii
2348 2034 2523 2083 milites
2540 2039 2677 2084 erant
2690 2036 2927 2099 proximi3
2947 2038 3215 2088 secundum
3237 2041 3327 2090 lios
3341 2077 3356 2100 ,

1782 2113 1972 2174 Argivi3
2000 2115 2176 2164 laevum
2197 2127 2344 2163 cornu
2369 2115 2631 2177 Corinthii,
2655 2121 2895 2180 quotquot
2914 2132 2974 2168 ex
2997 2119 3116 2169 urbe
3139 2119 3357 2181 aderant,

1778 2194 2072 2246 obtinebant.
2137 2197 2373 2247 Hostibus
2400 2197 2465 2248 ob
2494 2199 2741 2263 copiarum
2767 2214 2968 2252 suarum
2994 2204 3359 2266 amplitudinem

1778 2281 2068 2342 ‹mntemptis
2085 2316 2099 2341 ,
2140 2284 2271 2329 recta
2311 2280 2360 2329 iu
2392 2293 2477 2329 eos
2529 2287 2859 2343 perrexerunt.
2946 2286 3056 2333 Mox
3108 2284 3358 2345 Sicyonios

1780 2367 2030 2424 superatos
2042 2399 2056 2423 ,
2073 2361 2197 2411 vallo
2216 2361 2376 2411 diruto
2390 2397 2404 2422 ,
2424 2360 2487 2411 ad
2506 2375 2636 2412 mare
2655 2376 2811 2425 usque
2824 2364 3106 2426 persequuti
3126 2370 3239 2414 sunt
3258 2378 3356 2415 ma-

1778 2464 2017 2513 gnamque
2037 2455 2220 2514 partem
2236 2464 2404 2500 eorum
2422 2451 2490 2500 ibi
2509 2450 2801 2500 occiderunt.
2866 2455 2963 2501 Eos
2983 2458 3037 2502 ut
3056 2454 3211 2515 premi
3232 2454 3358 2504 vidit

1779 2538 1998 2601 equitum
2021 2537 2276 2601 praesectus
2303 2538 2646 2600 Pasimaclius,
2672 2539 2756 2602 qui
2790 2543 2954 2590 mmen
2976 2540 3166 2604 equites
3188 2555 3354 2592 secum

1780 2639 1878 2674 non
1900 2625 2078 2675 multos
2097 2626 2337 2675 babebat:
2363 2626 2575 2688 religatis
2599 2627 2663 2676 ad
2684 2627 2881 2678 arbores
2900 2629 3067 2692 equiS,
3087 2634 3137 2680 et
3163 2631 3359 2694 clypeos

1780 2714 1874 2763 illis
1896 2713 2099 2777 ademit,
2116 2717 2167 2764 et
2187 2726 2301 2762 cum
2325 2714 2412 2775 iis,
2436 2714 2521 2777 qui
2544 2727 2598 2764 se
2620 2721 2795 2779 sponte
2820 2716 3137 2779 adjungerent
3151 2755 3166 2780 ,
3194 2719 3360 2768 adver·

1781 2815 1868 2852 sus
1886 2801 2089 2864 Argivos
2107 2802 2397 2865 properavit.
2462 2801 2536 2852 Illi
2552 2804 2823 2866 conspectis
2838 2804 3011 2855 litteris
3033 2808 3065 2855 S
3085 2806 3132 2853 in
3148 2807 3330 2869 clypeis
3342 2844 3357 2867 ,

1781 2891 1921 2954 plane
1944 2890 2063 2939 niliil
2084 2890 2147 2939 ab
2168 2891 2239 2940 eis
2268 2890 2359 2939 sibi
2388 2891 2693 2953 metuebant,
2731 2897 2787 2942 ut
2813 2891 2897 2956 qui
2929 2892 3138 2955 sicyonii
3177 2901 3357 2945 essent.

1781 2980 1854 3031 lbi
1876 2979 2189 3030 Pasimaclius
2219 2979 2403 3030 dixisse
2418 2980 2721 3044 perhibetur,
2746 2986 2839 3033 Per
2861 2983 3078 3045 geminos
3104 2983 3251 3045 deos,
3272 2990 3355 3035 Ar-

1779 3070 1875 3132 givi
1889 3104 1904 3131 ,
1923 3068 2001 3118 lwe
2023 3072 2055 3119 S
2079 3067 2255 3119 litterae
2273 3081 2363 3118 vos
2388 3068 2580 3118 sallent:
2602 3067 2767 3131 itaque
2781 3067 2955 3132 pedem
2972 3082 3085 3119 cum
3104 3070 3175 3120 eis
3197 3076 3359 3120 contu·

1781 3157 1909 3207 lisse.
1974 3161 2233 3219 Quumque
2266 3155 2499 3206 adversus
2530 3156 2710 3206 multos
2737 3169 2851 3206 cum
2878 3158 3045 3220 paucis
3073 3157 3355 3219 dimicaret,

1779 3260 1876 3296 non
1890 3247 1992 3309 ipse
2006 3244 2183 3307 solum,
2197 3243 2284 3314 sed
2298 3245 2443 3295 etiam
2456 3244 2539 3294 alii
2553 3245 2748 3306 milites,
2765 3257 2877 3295 eum
2892 3246 3108 3309 sequuti,
3125 3246 3359 3297 occubue-

1781 3339 1907 3385 runt.
1971 3335 2151 3384 Exules
2169 3339 2329 3384 autem
2341 3334 2591 3398 Corinthii,
2607 3334 2749 3383 victis
2761 3334 2985 3384 hostibus
3000 3336 3233 3399 oppositis
3245 3335 3357 3395 sibi,

1779 3435 1976 3473 sursum
2003 3422 2343 3486 penetrabant;
2368 3422 2582 3485 adeoque
2604 3422 2802 3486 propius
2826 3422 2888 3472 ad
2912 3424 3257 3486 munitionem,
3280 3438 3359 3473 ur-

1780 3510 1892 3560 bem
1906 3510 2214 3571 ambientem,
2229 3509 2531 3560 accedebant.
2578 3513 2769 3560 Interea
2785 3510 3153 3573 Lacedoemonii,
3170 3512 3360 3574 cognito

1781 3599 1935 3648 victos
1953 3611 2061 3648 esse
2091 3598 2369 3661 Sicyonios,
2394 3611 2535 3661 opem
2559 3598 2700 3647 laturi
2723 3599 2906 3661 egressi
2930 3603 3070 3661 sunt,
3090 3614 3147 3649 ac
3178 3601 3359 3651 vallum

1779 3688 1841 3737 ad
1880 3687 2129 3736 sinistrum
2173 3686 2486 3737 retinuerant.
2552 3687 2743 3749 Argivi,
2780 3700 2933 3749 quum
2967 3688 3235 3739 audiissent
3272 3693 3358 3741 La-

1780 3775 2102 3827 cedaemonios
2127 3789 2156 3824 a
2179 3779 2311 3837 tergo
2333 3788 2469 3837 esse,
2502 3776 2725 3826 conversi
2754 3781 2895 3825 extra
2924 3776 3107 3826 vallum
3138 3790 3191 3827 se
3210 3791 3357 3828 cursu

1780 3860 2071 3923 proripuere.
2139 3862 2265 3910 Tum
2282 3863 2521 3922 quotquot
2535 3872 2701 3908 eorum
2717 3858 2777 3908 ad
2797 3859 3017 3908 dextram
3036 3861 3268 3924 postremi
3286 3861 3357 3910 l'u·

1779 3943 1972 4007 giebant
1985 3979 2000 4004 ,
2014 3957 2043 3993 a
2057 3942 2432 3993 Lacedaemoniis
2444 3942 2583 4002 caesi,
2602 3956 2698 4006 qua
2717 3943 2923 3993 inermes
2942 3946 3078 3993 erant
3091 3980 3106 4003 ,
3120 3944 3355 3994 occubue-

1781 4029 1922 4087 runt;
1942 4025 2026 4088 qui
2048 4028 2213 4075 autem
2231 4036 2371 4074 muro
2390 4029 2526 4074 erant
2547 4024 2750 4087 proximi
2766 4060 2778 4082 ,
2806 4040 2974 4082 inunguit
3002 4040 3111 4072 r-utn
3143 4028 3351 4072 lmnulln

1780 4109 2131 4159 urbemversus
2147 4120 2198 4157 se
2215 4105 2414 4157 mulerti
2433 4104 2738 4169 recipiebant,
2806 4112 3062 4168 Quumque
3086 4108 3355 4156 Fui-inimus.

1780 4192 1830 4242 in
1848 4191 2017 4243 exules
2034 4190 2342 4250 incidissent,
2366 4202 2546 4253 eosque
2565 4189 2729 4241 hostes
2746 4204 2854 4240 esu·
2874 4192 3211 4240 im=·t!÷·u··.÷.-·nt
3231 4228 3243 4248 .
3263 4208 3355 4240 rnr-

1780 4290 1867 4327 sus
1888 4275 2208 4327 declinabant.
2275 4278 2433 4338 Atque
2462 4274 2540 4323 liic
2572 4276 2786 4325 nonnulli
2826 4280 2978 4324 ,ειη-ηιμ.
3018 4280 3355 4332 .··ι,ι.ιι-ιιι,,Ιι-ιιιν;.Ἶ

1779 4360 1840 4411 de
1859 4375 1998 4410 muro
2017 4358 2327 4420 desiliebant,
2348 4341 2405 4408 ac
2423 4358 2669 4423 peribant;
2699 4360 3070 4420 alii÷1u1nj1ma
3107 4364 3255 4408 5⁴:22le
3287 4376 3355 4408 ιιι·Ρ

1778 4448 1951 4506 gentur
1964 4444 2013 4491 et
2032 4442 2303 4502 eaeduntur,
2321 4440 2750 4500 interficiebantun
2770 4444 2846 4488 alii
2874 4444 2934 4488 ul:
2950 4444 3050 4488 suis
3070 4444 3355 4496 summisit-ati,

1779 4522 2155 4575 suffocabantur.
2221 4525 2321 4572 Nec
2349 4521 2728 4572 Lacedaemoniis
2762 4520 2950 4572 tlt-iwani
2974 4560 2982 4576 .
3022 4536 3143 4584 quur-'2
3167 4524 3351 4572 sifride*

1779 4610 1901 4657 rent.
1965 4608 2089 4655 Nam
2124 4603 2245 4653 deus
2275 4603 2369 4653 hoc
2388 4604 2460 4654 eis
2492 4607 2709 4668 tempore
2734 4604 2950 4664 patrandi
2986 4604 3207 4652 fni-finum.
3231 4604 3355 4664 ejus*

1779 4687 1910 4738 modi
1928 4688 2215 4751 potestatem
2234 4683 2345 4734 fecit
2356 4719 2371 4745 ,
2392 4684 2533 4747 quale
2550 4698 2612 4735 ne
2630 4698 2842 4748 unquam·
2858 4685 3054 4749 quidem
3074 4693 3319 4749 implessent
3347 4705 3351 4733 :

1777 4771 1957 4836 quippe
1974 4782 2062 4819 cur
2082 4782 2181 4818 non
2201 4767 2434 4817 divinitus
2462 4768 2643 4817 factum
2671 4769 2782 4831 quis
2802 4769 3042 4817 *ratarum-t
3058 4789 3078 4825 s
3098 4773 3147 4817 ul
3187 4773 3351 4833 ingens

1778 4855 1993 4906 hostium
2002 4851 2197 4917 copiain
2216 4864 2383 4901 eorum
2401 4855 2693 4916 potestatem
2714 4853 2914 4901 veniret.
2942 4853 3207 4913 purif-trita,
3223 4861 3351 4901 niu-uu

1779 4935 2081 5001 perturbata,
2104 4937 2266 4997 partae
2279 4933 2491 4997 corporis
2512 4933 2721 4984 inermes
2738 4933 2806 4985 [εἰ-ἰ
2822 4933 3074 4981 credendas.
3098 4937 3319 4997 prmissa-ns
3335 4977 3347 4993 ,

1777 5020 1969 5072 nemine
1985 5018 2045 5070 ad
2070 5017 2377 5083 pugnandum
2398 5031 2451 5069 se
2473 5021 2806 5073 convertente.
2833 5021 2910 5069 sed
2934 5021 3090 5081 {nitius
3119 5025 3355 5073 unit-.··1÷.i÷

1777 5104 1827 5154 in
1846 5102 2104 5168 perniciem
2122 5114 2261 5152 suam
2284 5102 2445 5151 omnia
2467 5101 2865 5164 suggerentibus?
2886 5109 3002 5149 Tun]
3034 5105 3225 5165 quidem
3251 5109 3351 5153 exi-2

1778 5200 1874 5250 guo
1894 5192 2107 5251 tempore
2138 5191 2238 5236 tam
2271 5186 2410 5236 multi
2437 5184 2738 5248 ceciderunt,
2774 5193 2822 5237 nl
2866 5189 3107 5249 Ιιιιι·νιίιιι··.·ιι,,Ι
3143 5193 3223 5253 qui
3263 5197 3351 5237 iiu-

1779 5276 1956 5338 menti,
1974 5275 2208 5337 lignorum
2223 5312 2237 5336 ,
2263 5274 2477 5337 lapidum
2494 5286 2693 5325 acervos
2707 5274 2878 5325 ῘΗΙᾸΙΙῌΓῙ
2902 5293 2938 5321 Γι
2950 5285 3207 5329 inmuni-'affui
3223 5317 3235 5337 ,
3263 5281 3303 5325 lu
3315 5297 3351 5325 nu,
