3725 5950
457 312 483 353 a
999 292 1016 370 ι’

508 493 598 556 CYRl
622 489 890 554 EXPEDlTlONIS
912 492 986 552 Llli.
1007 492 1059 552 Ν.
1078 491 1161 554 CAP.
1183 493 1219 552 V.
1435 559 1446 572 .
1608 499 1664 556 258

52 623 223 708 ἐπικούρημα
233 625 281 696 τῆς
297 620 383 703 χιόνος
394 619 424 684 ,εί
438 643 477 690 τις
489 619 573 700 μίλαν
590 645 617 680 τι
635 619 703 702 ίχων
722 620 773 703 πρδ
787 623 838 680 τῶν
883 633 1026 680 auternerat
1036 629 1152 682 οάιετεοε
1162 631 1243 681 nivern
1253 630 1438 692 adjumento,si
1451 631 1666 698 quisdrsmpoeps·

52 715 197 796 ὀφθαλμῶν
211 709 361 793 πορεύοιτο,
373 711 425 768 τῶν
442 707 470 767 δὲ
485 709 572 768 ποδῶν
590 707 614 767 εί
630 732 669 776 τις
681 718 778 768 κινοῖτο
793 706 841 768 καί
883 716 926 768 bat
943 717 1005 780 nigri
1017 717 1108 781 είίηιιίά
1124 722 1181 770 aute
1191 719 1276 769 oculos
1286 719 1528 784 baberet5ped1bns,
1540 722 1669 786 riquino

53 799 189 880 μηδέποτε
209 797 323 878 ἡσυχίαν
342 795 399 876 ἔχοι
417 795 463 855 καὶ
484 799 507 854 εί
524 792 572 867 τήν
590 793 673 855 νύκτα
693 795 840 856 ὑπολύοιτο·
861 797 865 864 ί
883 810 1060 866 οοιιιιοονειει,
1071 819 1234 870 nonunquam
1248 807 1458 870 uteremur-eret,
1472 807 1495 858 si
1509 807 1668 861 nootxretlam

53 893 99 966 (rt)
111 887 170 946 ὅσοι
182 885 210 946 δὲ
219 882 403 962 ὑποδεδεμένοι
414 885 573 962 ἐκοιμῶντο,
586 881 726 951 είςεδύοντο
738 885 773 951 εἰς
783 881 842 951 τούς
883 893 1044 946 rnloeameuta
1055 895 1167 946 solveret.
1200 897 1324 959 Quotquot
1333 901 1415 946 autem
1423 897 1523 948 calmti
1532 897 1667 960 worout,

51 975 137 1043 πόδας
148 978 172 1034 oi
181 972 288 1052 ἱμάντες
299 970 345 1030 καί
355 969 389 1030 τδι
401 970 561 1049 ὑποδήματα
571 953 785 1054 περιεπήγνυντο·
796 969 841 1029 κοιλ
884 979 936 1031 loru
948 982 973 1031 in
982 982 1057 1046 pedes
1067 995 1151 1032 eorum
1159 982 1352 1045 desoenuebsnt,
1364 989 1390 1034 et
1401 985 1476 1035 ealoel
1484 985 1587 1048 pedibus
1599 986 1667 1041 unui-

52 1063 103 1145 γὰρ
120 1055 191 1136 ἦσαν
204 1059 295 1133 ἐπειδὴ
308 1057 416 1118 ἐπόλιπε
432 1058 466 1117 τά
480 1061 581 1140 ἀρχαῖα
599 1057 758 1138 ὑποδήματα
773 1082 842 1140 καρ-
884 1082 933 1133 que
943 1069 1123 1132 iungebantur:
1136 1071 1225 1122 etenim
1235 1071 1308 1134 ipsis,
1320 1065 1478 1136 postesduam
1488 1077 1584 1124 veteres
1594 1074 1668 1124 caleret

53 1150 268 1220 ῦιίτιναιπεποιη
305 1149 449 1206 ναιέκτῶν
460 1145 605 1228 νεοδάρτων
618 1151 694 1228 βοῶν.
737 1143 842 1225 (olunt
883 1156 1669 1219 deleoissent‚oarbatinaeerautdeoorioreoensbobusdetrssto

53 1239 99 1306 τάς
110 1235 235 1304 τοιαύτας
276 1234 418 1314 νάνοίγκας
430 1233 600 1294 ὑπελείποντό
612 1243 679 1302 ovs<
692 1236 743 1293 τῶν
759 1257 842 1314 στρα-
884 1243 1007 1296 oonieotae.
1041 1247 1669 1315 obseoessitsteslgiuouujosmooimiutesquidam

52 1331 165 1386 τιωτῶν·
185 1324 230 1384 καλ
250 1321 347 1392 ἰδόντες
362 1321 444 1401 μίλαν
462 1345 489 1380 τι
506 1321 603 1403 χωρίον
618 1320 662 1380 διὰ
680 1321 710 1382 τδ
723 1323 842 1380 ἐκλελοι-
884 1343 899 1382 ε
910 1335 977 1394 tergo
986 1332 1062 1384 relicti
1069 1340 1150 1397 eraot;
1161 1339 1186 1386 et
1194 1336 1288 1399 aivum
1299 1337 1420 1400 quendsm
1430 1338 1562 1402 conspicati
1573 1340 1668 1403 locum,

53 1414 133 1474 πέναι
147 1411 239 1472 αὐτόθι
252 1409 300 1483 τήν
311 1409 389 1491 χιόνα
403 1409 506 1479 εἴκαζον
519 1408 667 1480 τετηκέναι·
680 1408 726 1476 καλ
737 1408 842 1479 τετήκει
884 1419 1012 1482 quodistle
1021 1421 1062 1470 nix
1075 1422 1215 1486 deiecisset,
1229 1424 1410 1488 θαυείαοιοοιιι
1428 1427 1605 1478 existimabunt.
1636 1433 1670 1480 nt

54 1501 96 1561 διδ
118 1501 221 1584 κρήνην
241 1497 300 1558 τινὰ
318 1499 335 1570 ἣ
354 1495 466 1567 πλησίον
489 1488 522 1570 ήν
543 1494 688 1574 ἀτμίζουσα
707 1498 736 1554 ἐν
760 1495 841 1575 νάπῃ.
884 1509 1103 1572 eratsaueliqnata
1111 1511 1307 1574 propteriontem
1315 1514 1499 1578 quendsm,qoi
1509 1516 1575 1566 haud
1584 1518 1669 1579 procul

54 1589 178 1652 Ἐντοιῦθ’
191 1585 381 1669 ἐκτραπόμενοι
390 1584 518 1656 ἐκάθηντο
528 1584 573 1644 καί
581 1587 628 1644 οὐκ
637 1584 738 1666 ἔφασαν
747 1583 843 1664 πορεύ-
884 1594 982 1646 insaltn
993 1597 1245 1662 uuodnmvsporabnt
1277 1603 1332 1650 llue
1346 1600 1669 1663 oxmrllvertissent,uonsi·

54 1684 138 1738 εσθαι.
183 1670 226 1754 (ιο)
245 1676 281 1737 Ὁ
299 1673 327 1734 δέ
342 1675 466 1756 Ξενοφῶν
487 1673 555 1753 ἔχων
576 1672 787 1755 ὀπισθοφύλακας
808 1677 843 1740 ὡς
884 1682 1339 1748 dehoneseperreeturossemgsusnr.
1357 1687 1670 1753 ldmmlleuopbonffiml·

53 1767 164 1846 ᾔσθετο,
180 1767 262 1823 ἐδεῖτο
272 1765 358 1822 αὐτῶν
368 1762 442 1842 παίσῃ
455 1761 535 1842 τέχνη
546 1761 591 1820 καλ
602 1766 710 1842 μηχανῇ
724 1760 761 1839 μὴ
775 1763 843 1820 ιἰπο-
885 1771 922 1820 nis
936 1771 1038 1821 extremi
1054 1770 1149 1833 (inetur,
1165 1773 1337 1836 intellexisset,
1347 1776 1433 1838 quavis
1449 1781 1500 1826 arte
1511 1779 1670 1843 machinaque

53 1855 207 1925 λείπεσθαι,
221 1850 306 1932 λόγων
315 1848 356 1909 ότι
369 1850 476 1910 ἕπονται
488 1849 580 1909 πολλοὶ
591 1847 714 1928 πολέμωι
727 1850 843 1907 συνειλε-
884 1858 1026 1909 obsecrabat
1038 1873 1093 1921 eos,
1104 1874 1134 1911 ne
1145 1865 1233 1924 surgo
1245 1871 1382 1926 manerent;
1390 1864 1487 1928 dicens,
1499 1867 1589 1917 multos
1600 1869 1670 1931 εεηοὶ

53 1941 161 2020 γμένσι,
180 1939 370 1998 substituetis
389 1935 574 2016 ἐχαλέπαινεν.
615 1939 651 1997 0t
672 1935 700 1995 δὲ
719 1935 842 2018 σφάττειν
885 1947 969 1998 hostes
979 1948 1562 2017 rolleotosrtandernetiamseirotumpraebuit.
1594 1957 1670 2006 Atilli

54 2029 184 2089 ἐκέλευον·
226 2029 255 2085 οὐ
266 2024 317 2107 γάρ
330 2025 362 2085 διν
375 2022 500 2084 δύνασθαι
510 2027 680 2106 πορευθῆναι.
723 2023 842 2102 (17)Ἐν-
882 2033 1669 2106 jugnlnetlpsosbortabanturznequeenimberiposseslebunt,

53 2123 137 2176 ταῦθα
152 2113 225 2184 ἔδοξε
240 2113 380 2197 κράτιστον
394 2103 461 2171 εἶναι
474 2111 533 2180 τούς
545 2111 687 2190 ἑπομένους
702 2110 843 2190 πολεμίους
862 2119 865 2134 “
885 2126 912 2171 ut
923 2127 1057 2186 pergerent.
1089 2124 1127 2174 lbi
1137 2129 1189 2175 turn
1198 2126 1279 2177 visum
1285 2130 1523 2192 estoptlnrurnease‚
1532 2137 1670 2196 utsequon·

54 2205 186 2286 ρούἥσαι,
207 2203 288 2270 εἴτις
308 2199 427 2274 δύναιτο,
452 2199 489 2278 μή
512 2199 608 2259 ἐπίοιεν
627 2208 680 2267 τοῖς
703 2197 842 2276 κάμνουσι.
885 2211 1669 2280 tesbostesterrerent‚siqulsidposset,ueinlaborxutesirrue

56 2293 109 2354 Καὶ
119 2285 153 2365 ἦν
168 2291 215 2369 μὲν
226 2289 317 2357 σκότος
327 2290 395 2361 ἤδη,
406 2292 430 2348 οἱ
443 2287 470 2348 δὲ
482 2287 627 2368 προςήεσαν
637 2289 728 2366 πολλῷ
740 2285 843 2368 θορύύῳ
884 2304 946 2350 rent.
977 2303 1081 2364 lamque
1089 2302 1380 2369 emersurum,
1392 2312 1417 2357 et
1426 2307 1508 2359 bostes
1518 2322 1605 2372 magno
1613 2323 1671 2361 orm

55 2381 122 2464 ἀμφὶ
144 2373 182 2440 ῶν
203 2371 273 2460 εἶχον
294 2375 483 2459 διαφερόμενοι.
528 2379 572 2454 (ιο)
593 2373 678 2436 Ἔνθα
701 2373 732 2446 δὴ
751 2378 775 2434 οἱ
795 2373 842 2454 μὲν
886 2388 992 2438 tumultu
1003 2389 1670 2457 aooeuebsnt‚derubusqussbaberentiuterserlissi·

53 2467 263 2549 ὀπισθοφύλακες
282 2465 328 2524 ἀτε
349 2463 506 2543 ὑγιαίνοντες
522 2461 708 2530 ἐξαναστάντες
727 2460 840 2544 ἔδραμον
885 2474 980 2526 dentes.
1010 2479 1074 2527 Τιιιιε
1089 2491 1147 2528 vero
1165 2481 1269 2530 extremi
1289 2482 1392 2543 agminis
1414 2483 1504 2534 milltes
1522 2490 1670 2548 exsurgunt,

54 2561 89 2625 εἰς
102 2555 166 2624 τούς
176 2553 324 2632 πολεμίους·
339 2557 363 2612 οἱ
376 2551 403 2610 δὲ
423 2550 565 2628 κάμνοντες
580 2548 771 2633 ἀνακραγόντες
783 2547 842 2609 ὅσον
885 2564 975 2626 quippe
986 2565 1028 2628 qui
1037 2565 1186 2616 bonaadbno
1194 2572 1263 2618 erant
1274 2568 1425 2633 raletrrdine,
1434 2575 1460 2622 et
1468 2586 1542 2623 ουεειι
1553 2575 1579 2624 ln
1587 2573 1671 2626 bostea

53 2644 185 2715 ἠδύναντο
195 2639 316 2720 με’γιστον
327 2637 373 2706 τάς
388 2637 501 2704 ἀσπίδας
512 2636 576 2719 πρὸς
588 2635 621 2694 τά
635 2634 734 2717 δόρατα
749 2635 843 2719 ἔκρου·
886 2649 1012 2701 luuntur:
1027 2654 1105 2716 etqui
1119 2655 1151 2704 nb
1165 2655 1250 2706 itinere
1260 2656 1401 2707 laborabant
1407 2694 1416 2721 ‚
1426 2660 1523 2710 sublato
1532 2675 1605 2726 quum
1614 2677 1670 2728 pos·

54 2755 111 2790 σαν.
156 2731 193 2790 Οἱ
213 2729 240 2787 δέ
262 2726 385 2806 πολίμιοι
403 2724 534 2792 δείσαντες
551 2717 619 2796 ήκαν
641 2721 749 2790 ἑαυτοὺς
773 2722 843 2784 κατά
886 2743 941 2788 sent
949 2739 1054 2790 maximo
1065 2741 1344 2803 clamore,soutsbustis
1353 2745 1457 2796 illidunt
1488 2751 1576 2798 Hostes
1585 2751 1671 2801 timore

53 2823 99 2890 τῆς
112 2817 203 2899 χιόνος
215 2819 250 2883 εἰς
258 2813 305 2886 τήν
317 2813 412 2887 νάπην,
420 2812 466 2872 καί
477 2811 559 2880 οὐδεὶς
571 2809 610 2870 ἔτι
621 2812 738 2888 οὐδαμοῦ
750 2810 843 2892 ἐφθίγ-
886 2827 990 2890 perculsi
1000 2827 1025 2876 in
1034 2829 1202 2880 summittunt
1213 2844 1256 2893 per
1266 2830 1347 2882 nivem
1361 2845 1388 2882 se
1403 2833 1547 2896 demittunt,
1561 2850 1607 2886 nee
1619 2838 1670 2900 jem

54 2905 124 2974 ξατο.
170 2905 214 2983 (ιε)
229 2903 285 2964 Καὶ
299 2905 422 2983 Ξενοφῶν
443 2899 490 2981 μὲν
505 2900 550 2959 καί
564 2904 587 2960 ot
607 2899 654 2959 σὺν
666 2901 738 2979 αὐτῷ
753 2899 843 2959 εἶπόν·
886 2913 1014 2978 quisquam
1022 2917 1461 2985 ampliuselsmoremnsqoarnedidit.
1494 2926 1671 2989 oneooptson

53 3019 94 3061 τες
112 3002 168 3061 τοῖς
185 2996 337 3052 ἀσθενοῦσιν
356 2988 395 3049 ότι
415 2995 448 3069 τῇ
469 2988 594 3071 ὑστεραία
611 2987 702 3061 ἥξουσί
717 3012 786 3056 τινες
801 2990 842 3049 ἐπ’
886 3002 984 3065 quidem
995 3009 1020 3054 et
1033 3006 1076 3068 qui
1086 3020 1143 3056 eum
1158 3020 1188 3057 eo
1198 3012 1280 3071 εεειιι,
1292 3008 1335 3058 ubi
1350 3009 1524 3072 signitiosssent
1537 3014 1608 3077 egris
1623 3014 1671 3065 illis

54 3080 164 3153 αὐτούς,
179 3078 349 3162 πορευόμενοι
359 3078 421 3160 πρίν
432 3076 545 3161 τέτταρα
562 3075 657 3135 στάδια
672 3077 780 3136 διελθεῖν
800 3078 844 3135 ἐν·
886 3091 1002 3153 postridie
1014 3097 1130 3144 venturos
1138 3094 1257 3158 quosdsm
1268 3096 1300 3146 οὐ
1311 3097 1391 3161 ipsos,
1406 3098 1452 3149 iter
1463 3105 1587 3162 pergentes
1596 3103 1671 3166 prius·

54 3168 230 3250 τυγχάνουσιν
252 3170 279 3227 ἐν
297 3172 330 3248 τῇ
348 3166 400 3248 ὁδῷ
417 3163 624 3243 ἀναπαυομένοις
640 3163 684 3223 ἐπὶ
697 3169 744 3236 τῆς
759 3163 844 3245 χιόνος
886 3191 960 3240 quana
971 3180 1050 3232 stadia
1063 3187 1169 3246 ηαοῑιιοι·
1184 3184 1358 3247 oonieeissent‚
1367 3186 1394 3235 in
1408 3187 1499 3237 milites
1514 3197 1560 3251 per·
1569 3189 1633 3241 vim
1645 3190 1672 3240 in

54 3266 107 3325 τοῖς
127 3253 302 3339 στρατιάνταις
321 3251 572 3333 ἐγκεκαλυμμένοις,
591 3252 637 3311 καί
661 3250 720 3311 οὐδὲ
739 3252 843 3333 φυλακή
886 3266 1347 3335 niverequlsseenteseosqoeobteetos
1356 3272 1478 3335 luridum,
1489 3287 1534 3325 neo
1545 3275 1671 3340 ullaeipsis‘

55 3345 167 3424 οὐδεμία
186 3342 362 3415 καθειστήκει·
379 3342 426 3402 καὶ
443 3341 589 3401 ἀνίστασαν
607 3339 707 3409 αὐτούς.
751 3343 794 3420 (το)
808 3345 844 3403 Οἱ
886 3356 1025 3406 eonstitutae
1043 3357 1142 3409 aderant
1162 3359 1272 3410 exoubiae
1285 3376 1292 3409 :
1305 3364 1330 3410 et
1347 3362 1393 3411 bos
1408 3362 1506 3425 quidem
1526 3364 1670 3414 nutarunt.

55 3433 187 3511 δ’ἔλεγον
205 3430 245 3491 ότι
262 3435 286 3491 οἱ
307 3430 453 3513 ἔμπροσθεν
474 3431 524 3509 οὐχ
544 3433 716 3512 ὑποχωροῖεν.
759 3428 794 3490 Ὁ
816 3428 844 3488 δέ
886 3442 1523 3513 Aiebantaoternbiprioresordinesuouprooetlere.
1555 3456 1672 3503 Atlteno·

54 3520 159 3604 παριὼν
171 3518 217 3579 καί
228 3518 414 3603 παραπέμπων
428 3521 481 3577 τῶν
492 3519 645 3577 πελταστῶν
660 3516 717 3585 τούς
735 3520 844 3601 ίαχυρο-
886 3530 951 3593 phou
967 3532 1020 3595 ipse
1027 3546 1182 3596 progressus,
1192 3538 1218 3585 et
1229 3536 1387 3599 peltxmrum
1400 3538 1584 3589 robustissimos
1596 3554 1669 3602 qum.

44 3609 149 3679 τάτους
165 3608 268 3667 ἐκέλευε
289 3606 480 3689 σκέψασθαιτί
502 3605 542 3677 είη
568 3604 597 3665 τὸ
617 3608 728 3665 κωλῦον.
761 3610 797 3667 Οἱ
816 3606 843 3665 δὲ
887 3618 943 3667 darn
952 3620 1672 3691 praemittens,disploerejubebatqoidillndesseteosquod

56 3699 224 3777 ἀπήγγελλον
239 3694 280 3755 ότι
293 3696 352 3755 ὐλον
367 3694 448 3761 οὕτως
460 3692 621 3753 ἀναπαύοιτο
637 3692 667 3751 τδ
682 3692 841 3774 στράτευμα.
886 3706 1021 3769 impediret
1054 3710 1231 3760 {renuntiabant
1240 3711 1275 3761 iffi
1291 3716 1370 3762 mmm
1384 3713 1518 3763 exemplum
1533 3714 1580 3764 1100
1596 3715 1671 3765 mod„

58 3788 101 3863 (ει)
109 3787 245 3847 Ἐνταῦθα
256 3782 301 3843 καί
311 3785 335 3842 οἱ
345 3782 413 3863 ἀμφὶ
423 3782 582 3861 Ξενοφῶντα
591 3778 753 3853 ηὐλίσθησαν
765 3781 843 3839 αὐτοῦ
887 3796 1043 3857 requiescere.
1075 3796 1177 3847 ibitum
1192 3802 1217 3848 et
1232 3798 1396 3862 illiquleiroa
1406 3801 1671 3863 Xenophontemersnt

56 3874 117 3932 ἄνευ
131 3872 214 3953 πυρὸς
226 3870 272 3930 καί
287 3869 417 3941 άδειπνοι,
429 3867 547 3950 φυλακὰς
559 3866 615 3935 σίας
624 3864 748 3925 ἐδύναντο
761 3889 845 3924 κοιτα-
887 3881 936 3931 illie
956 3882 1048 3946 susque
1067 3884 1122 3946 igne
1140 3888 1166 3934 et
1183 3884 1290 3935 iuratus
1308 3885 1495 3949 pernoctabant,
1514 3889 1670 3950 eonstitutis,

57 3960 227 4039 στησάμενοι.
269 3957 347 4019 ’Erret
357 3954 384 4015 δέ
394 3956 457 4037 πρὸς
468 3954 571 4036 ἡμέραν
582 3946 709 4033 ήν,θμέν
721 3954 843 4035 Ξενοφῶν
887 3969 971 4033 quales
986 3984 1045 4021 sane
1059 3976 1183 4035 poterant,
1199 3972 1315 4023 εεαοθίἰε.
1348 3976 1411 4023 cum
1426 3978 1508 4024 sutem
1527 3988 1602 4037 prope
1619 3975 1672 4025 dies

56 4048 165 4129 πέμψας
179 4047 242 4127 πρὸς
255 4044 315 4112 τούς
324 4048 495 4111 ἀσθενοῦντας
505 4042 565 4110 τούς
574 4041 718 4109 νεωτάτους
730 4042 845 4114 ἀναστή-
887 4055 996 4121 adesset,
1008 4058 1142 4121 Xenophon
1155 4058 1237 4108 missis
1246 4059 1278 4108 ad
1288 4060 1472 4122 {egrotantesde
1483 4060 1618 4121 Jnnioribos
1630 4062 1671 4111 all¹

57 4130 279 4201 σανταςέκίλευεν
290 4131 446 4210 ἀναγκάζειν
455 4130 583 4217 προῖίναι.
607 4132 652 4208 (οε)
663 4130 710 4191 Ἐν
722 4128 749 4188 δέ
760 4128 844 4213 τούτῳ
886 4148 961 4205 quot,
978 4145 1093 4208 precepit
1112 4149 1141 4195 ut
1157 4159 1200 4196 eos
1215 4146 1360 4206 εκοίίεσειιί,
1375 4151 1401 4195 et
1418 4146 1527 4211 progredi
1549 4154 1669 4210 oogereut

57 4222 214 4304 Χειρίσοφος
224 4218 324 4297 πέμπει
334 4224 386 4278 τῶν
399 4221 429 4278 ἐκ
441 4224 487 4291 τῆς
500 4217 591 4297 κώμης
604 4215 779 4299 σκεψομένους
789 4220 844 4284 πῶς
887 4222 982 4281 inum
994 4232 1152 4297 cuinwpuns
1162 4233 1382 4297 ηοοιοεαεινιοε
1391 4236 1479 4295 mitur,
1488 4234 1531 4297 qut
1542 4240 1672 4298 quopseto

56 4307 142 4387 ἔχοιεν
157 4310 181 4367 οἱ
194 4309 347 4366 τελευταῖοι.
387 4304 463 4367 Οίδέ
482 4305 591 4383 ἄσμενοι
609 4304 705 4371 ἰδόντες
723 4302 782 4371 τούς
797 4302 844 4383 μέν
887 4324 1522 4388 ηχιιεωῑερωῑῃὶεωθίεεεεεθεθεεαιι,ηυεετετεοε
1553 4324 1672 4386 lli‚loetio

57 4399 231 4463 ἀσθενοῦντας
245 4393 343 4461 τούτοις
355 4393 505 4474 παρέδοσαν
524 4392 640 4471 κομίζειν
660 4392 703 4451 ἐπὶ
717 4392 747 4451 τδ
761 4416 844 4474 στρα-
887 4422 929 4460 eos
938 4410 1017 4460 oeulis
1028 4410 1174 4472 eonspioati,
1186 4414 1289 4473 epotos
1299 4411 1342 4472 iis,
1353 4416 1382 4461 nt
1391 4412 1417 4461 in
1428 4416 1507 4461 eastre
1517 4411 1672 4462 ἀοθιισειιάοε

56 4484 177 4557 τόπεδον,
191 4482 264 4542 αὐτοί
283 4480 310 4541 δέ
327 4480 493 4564 ἐπορεύοντο,
513 4480 559 4540 καὶ
573 4480 635 4562 πρὶν
652 4479 735 4540 εἴκοσι
750 4480 844 4539 στάδια
887 4500 1013 4557 curarent,
1030 4496 1194 4558 tradiderunt;
1209 4497 1257 4560 ipsi
1270 4498 1317 4547 iter
1333 4497 1671 4561 pergebaatzsopriusquan

56 4570 238 4644 διεληλυθέναι
247 4564 314 4643 ἦσαν
326 4570 429 4653 πρδςτῇ
441 4571 518 4652 κώμῃ
533 4568 593 4629 ἔνθα
605 4568 759 4651 Χειρίσοφος
769 4568 845 4640 ηὐλί-
888 4582 966 4633 stsdis
977 4582 1061 4645 viginti
1070 4582 1242 4644 oonieeissent,
1251 4588 1320 4633 aaut
1330 4583 1357 4633 in
1365 4582 1433 4645 vieo,
1442 4582 1474 4633 ad
1484 4596 1556 4646 quem
1565 4582 1667 4632 diverte

57 4664 121 4729 ζετο.
166 4662 212 4737 (ευ)
226 4659 303 4720 Ἐπεί
316 4657 344 4719 δὲ
367 4657 532 4739 συνεγίνοντο
545 4656 681 4729 ἀλλήλοις,
694 4655 764 4725 ἔδοξε
775 4654 845 4715 κατὰ
887 4670 1099 4733 ratchirisopbus.
1132 4673 1291 4733 Posteaquam
1305 4668 1671 4727 eonvenisseutomnes,risum

55 4746 102 4816 τάς
121 4746 216 4827 κώμας
234 4746 350 4826 ἀσφαλὲς
371 4738 437 4806 εἶναι
456 4745 504 4815 τάς
521 4744 606 4814 τάξεις
625 4751 746 4816 σκηνοῦν.
789 4744 845 4805 Καὶ
887 4760 926 4805 est
937 4761 991 4805 tuto
1005 4754 1032 4805 id
1045 4755 1096 4805 fieri
1109 4768 1194 4819 posse,
1209 4755 1353 4806 sioobortes
1363 4754 1504 4819 apudvioos
1514 4755 1672 4805 oontubernta

56 4837 212 4919 Χειρίσοφος
226 4834 273 4913 μὲν
289 4837 368 4895 αὐτοῦ
384 4834 489 4916 ἔμενεν,
503 4837 528 4894 ol
544 4832 572 4893 δέ
586 4828 662 4893 άλλοί
676 4831 845 4913 διαλαχόντες
888 4842 1011 4892 baberent.
1044 4845 1076 4892 Et
1086 4842 1244 4905 cblrisoplxus
1252 4841 1388 4905 quidemeo
1401 4835 1567 4902 mollero,
1583 4842 1671 4904 ueteri,

56 4922 86 4990 ἀς
97 4922 189 5007 ἑώρων
199 4920 293 5001 κώμας
302 4922 455 5004 ἐπορεύοντο
469 4922 575 4983 ἔκαστοι
589 4920 647 4989 τούς
658 4924 758 4981 ἑαυτῶν
770 4920 845 5001 ἔχον·
887 4929 968 4979 sortiti
982 4941 1045 4991 quoa
1060 4929 1189 4978 cernebant
1204 4928 1285 4989 riuos,
1304 4940 1363 4977 suos
1373 4928 1464 4991 quique
1481 4929 1545 4977 nauti
1562 4926 1668 4978 abibant.

56 5034 106 5079 τες.
138 5012 184 5089 ζει)
195 5009 281 5071 Ἔνθα
292 5010 323 5083 δή
336 5010 511 5094 Πολυκράτης
522 5010 655 5081 Ἀθηναῖος
665 5008 777 5089 λοχαγός
787 5008 847 5068 ἐκί-
865 5032 868 5051 2
887 5014 923 5063 Ibi
935 5019 988 5065 tom
998 5014 1135 5079 Polycrates
1149 5014 1317 5077 Atheniensis,
1328 5014 1435 5064 oobortis
1445 5013 1541 5074 ductor,
1552 5013 1670 5075 ipauuxut

56 5099 148 5157 λευσεν
161 5096 265 5180 ἀφύναι
278 5098 379 5157 ἔαυτόν·
393 5098 438 5157 καί
454 5098 543 5158 λαθὼν
558 5096 616 5165 τούς
628 5096 765 5170 εὐζώνους,
779 5094 844 5155 θίων
887 5102 1036 5157 diuu'tterent
1045 5104 1130 5167 petivit
1143 5118 1149 5152 :
1160 5101 1380 5166 sompusqneateo
1389 5114 1472 5152 secum
1481 5101 1621 5151 bominibus
1629 5115 1669 5152 ex·

58 5185 101 5242 ἐπὶ
110 5184 159 5257 τὴν
169 5182 262 5263 κώμην
275 5184 307 5259 ήν
318 5184 419 5267 εἰλήχει
430 5188 553 5269 Ξενοφῶν
565 5184 768 5265 καταλαμύάνει
776 5182 846 5243 πάν·
886 5184 988 5255 peditis,
1000 5191 1031 5242 ad
1041 5190 1123 5241 vicum
1131 5190 1223 5252 currit,
1232 5202 1305 5254 qoem
1321 5190 1421 5241 sortitus
1433 5189 1510 5240 tuem
1523 5190 1669 5252 ltenopbon,

59 5296 105 5341 τος
114 5272 186 5332 ἔνδον
197 5271 256 5341 τούς
266 5273 392 5353 κωμήτας
404 5273 450 5335 καὶ
461 5273 505 5333 τδν
517 5272 675 5358 κωμάρχην,
686 5272 733 5334 καλ
741 5272 844 5341 τύλους
888 5285 912 5331 et
923 5281 1021 5332 vicanos
1031 5293 1115 5332 omnes
1123 5282 1148 5331 in
1156 5294 1187 5333 eo
1196 5280 1326 5346 ipsumque
1335 5278 1382 5329 riu·
1389 5276 1530 5353 preelectum
1540 5276 1669 5342 depreben-
