3725 5950
196 572 246 616 xlv

227 685 333 737 bostium
343 695 357 730 a
366 679 456 731 Seutbe
466 676 613 738 combustis,
623 676 733 726 (treclin
742 676 881 738 Thynornm
892 685 976 736 campo

228 760 306 806 castra
328 755 434 816 ponrmt,
457 754 482 799 at
498 749 583 810 frigore
600 747 703 808 niveque
724 749 849 794 vexantur.
881 743 928 800 Qui
953 741 977 788 in

227 832 321 878 orontes
332 822 497 883 confugerant,
510 819 621 870 aseuthe
633 827 675 880 per
683 817 937 878 captivosevocentur,
950 815 979 860 ut

228 892 470 954 sededant;sednon
480 889 525 937 nisi
536 889 643 937 hominm
653 887 762 936 imbelles
771 883 978 948 parent,Jurenes
1045 890 1048 896 ’

227 981 286 1018 rero
304 967 329 1015 iu
345 963 405 1013 vicis
417 962 446 1010 ad
465 960 557 1010 radices
573 959 661 1008 montis
680 961 811 1006 remanent.
844 955 906 1004 liinc
921 965 978 1001 cum

228 1037 325 1088 selectis
340 1048 382 1084 eos
398 1031 503 1081 adoritur
524 1028 677 1090 xenophon:
703 1036 805 1089 quorum
824 1024 930 1088 plerique
953 1021 992 1069 in·

227 1112 333 1157 montem
340 1102 473 1164 rebrgiuut,
483 1099 525 1148 sed
533 1097 574 1161 qui
583 1097 718 1158 rapiuntur,
729 1095 773 1143 bos
778 1091 862 1156 jacarlis
871 1091 976 1142 confodit

226 1190 311 1228 onmes
325 1173 437 1225 sentires.
471 1170 542 1222 Brevi
554 1167 660 1217 montani
670 1166 709 1216 isti
722 1165 848 1225 simulant,
858 1177 885 1214 se
899 1163 978 1212 scedras

225 1247 328 1296 lnihuos
346 1255 415 1302 esse;
435 1241 477 1291 sed
496 1243 566 1288 nocte
583 1243 680 1299 repente
698 1236 816 1286 invadunt
834 1239 945 1294 Gmcos,
964 1247 978 1282 a

226 1317 313 1379 quibus
325 1315 350 1364 iu
362 1314 441 1374 iugem
453 1309 584 1376 compulsi,
606 1307 701 1357 nudem
713 1305 768 1356 lidei
780 1306 877 1356 sentim
887 1317 913 1353 se
925 1317 976 1352 sua·

225 1399 273 1450 que
282 1385 443 1436 committant.
456 1408 487 1418 -
498 1383 555 1430 Gar.
568 1381 598 1429 V.
610 1378 761 1438 Heraclides,
771 1375 852 1440 praeda
864 1374 977 1434 vendita,

225 1455 300 1517 redit,
312 1455 354 1505 sed
367 1454 483 1504 militibus
501 1463 548 1500 nou
560 1463 631 1499 omne
651 1448 796 1512 stipendium
815 1447 905 1496 soluit:
921 1457 978 1507 ergo

229 1526 412 1589 reprehenditur
424 1539 438 1572 a
456 1523 627 1584 xenophonte,
642 1521 684 1582 qui
696 1518 761 1582 quod
774 1518 820 1567 sibl
831 1517 978 1566 destinatum

225 1602 291 1658 erat,
303 1598 389 1647 ceteris
400 1593 503 1646 ducibus
522 1591 633 1641 distribui
649 1590 724 1651 y'abet.
757 1589 819 1640 ilinc
836 1589 909 1636 homo
927 1599 977 1649 per-

226 1667 289 1717 tidus
301 1681 348 1718 non
361 1667 439 1717 solum
449 1663 513 1726 apud
532 1662 637 1713 Seullren
649 1661 766 1710 obtrectat
780 1659 977 1722 xenophontem,

226 1738 267 1788 ssd
286 1743 311 1787 et
322 1751 377 1787 eum
396 1735 494 1798 irnperio
509 1732 627 1784 exercitus
645 1743 743 1794 prorsus
760 1729 852 1792 privare
871 1733 978 1786 constm,

225 1821 371 1872 quamquam
382 1805 485 1865 lmstra,
502 1803 638 1853 timasione
649 1805 673 1850 et
689 1799 835 1863 quibusdam
848 1797 901 1848 aliis
912 1798 978 1846 duci·

225 1879 271 1927 bras
280 1878 358 1940 palam
370 1875 561 1926 adversantibus.
594 1875 656 1922 Tum
664 1885 748 1920 rursus
760 1885 774 1920 a
784 1870 877 1920 Seutbe
886 1869 978 1918 exorati

225 1951 306 1998 Graeci
318 1949 433 1997 adsersus
445 1946 550 1996 Thracas
561 1941 708 2005 Salmydessl
718 1955 799 2001 oram,
811 1939 891 1990 nautis
901 1943 977 1988 tanto·

224 2031 282 2080 pere
298 2017 470 2079 periculosam,
490 2015 622 2064 incolentes
641 2011 832 2075 proficiscuntur,
852 2021 941 2071 eosque
953 2009 977 2056 in

225 2088 323 2138 sentim
334 2089 478 2150 potestatem
493 2084 605 2146 redigunt
616 2095 716 2144 omnes;
734 2081 776 2144 qui
790 2082 840 2143 iam
851 2079 939 2142 opibus
955 2083 979 2128 et

225 2157 300 2220 copiis
331 2155 468 2220 ingentibus
500 2159 601 2216 auctus,
633 2166 682 2202 non
713 2157 793 2202 tamen
831 2149 978 2214 stipendium

226 2227 371 2290 promissum
390 2226 482 2276 solvere
498 2225 577 2287 caepit.
609 2222 678 2272 Unde
692 2222 843 2284 Xenophonti
860 2220 979 2270 irurooeuti

171 2323 178 2334 -
226 2300 368 2346 succensent
377 2297 480 2355 milites,
493 2298 518 2344 et
531 2293 633 2344 Seuthes
648 2293 700 2356 ipse
711 2293 764 2355 eius
779 2289 979 2341 consuetudinem

225 2366 302 2416 vitare
316 2367 404 2416 studet.
417 2393 448 2401 —
459 2367 516 2416 Cae.
530 2367 573 2414 Vl.
585 2368 648 2414 tium
658 2363 831 2413 Lacedaemonii
841 2361 977 2420 misissent,

225 2438 268 2500 qui
286 2441 383 2487 Graecos
397 2437 427 2486 sd
441 2436 611 2486 Thimbronem
627 2434 790 2494 schurandum
805 2437 886 2482 matra
899 2431 978 2480 Tissa·

225 2507 341 2571 phernem
367 2507 496 2556 invitarent
515 2520 521 2554 :
540 2503 585 2556 riec
607 2505 708 2554 Seuthes
729 2497 980 2552 Heraclidis'borta'tu

226 2582 411 2627 commotusees
423 2577 534 2637 retinuit,
544 2589 589 2625 nec
599 2574 675 2624 Graeci
686 2573 732 2636 ipsi
743 2585 794 2623 rem
806 2573 977 2621 detrectarunt.

226 2650 254 2696 in
277 2648 315 2697 bis
341 2661 399 2697 vero
417 2651 491 2700 Arcas
509 2646 607 2709 quidam
632 2645 815 2707 xenophontem
839 2641 979 2704 gravissime

227 2722 325 2768 accusat
336 2719 481 2781 culpamque
491 2717 603 2780 stipendii
616 2715 749 2765 conduma
766 2714 854 2764 serrthe
866 2713 940 2762 soluti
954 2713 980 2762 in

227 2801 283 2837 eum
295 2788 395 2838 conteri.
429 2791 520 2837 Verum
538 2786 673 2849 Xenophon
690 2787 782 2847 egregie
793 2797 890 2834 eaumm
908 2796 978 2832 suarrr

227 2859 288 2921 agit,
301 2862 326 2909 et
341 2858 448 2910 ostendit
458 2858 576 2921 primum,
589 2861 685 2908 Graecos
703 2857 769 2920 ipsos
787 2867 832 2904 sua
847 2858 933 2917 sponte
947 2853 979 2903 ad

229 2930 334 2980 Sentben
354 2929 473 2992 proiectos
484 2942 538 2979 esse
558 2943 564 2977 :
577 2933 643 2990 turn,
656 2927 739 2991 procul
751 2927 835 2977 abesse
851 2931 879 2974 ut
890 2925 977 2989 stipen-

228 3000 295 3050 dium
305 3001 409 3050 militurn
421 2999 608 3059 intervertisset,
621 3004 648 3047 ut
657 3010 687 3047 ne
698 2998 749 3060 ipse
761 2996 860 3060 quidem
870 3000 979 3055 tantum,

226 3075 344 3133 quantum
362 3070 453 3119 ordinis
471 3069 565 3130 ductor,
586 3068 719 3132 accepisset
732 3082 737 3115 ε
750 3067 836 3117 deinde
847 3080 895 3116 non
914 3071 991 3116 recte⁴

227 3154 298 3203 posse
307 3140 419 3203 conqueri
431 3139 461 3197 de
472 3152 516 3189 sue
526 3143 604 3199 sorte,
616 3139 710 3187 etiarnsi
721 3138 780 3186 nibil
794 3136 905 3200 stipendii
916 3136 978 3186 acci·

227 3210 307 3273 piant,
318 3210 375 3272 quia
385 3210 436 3259 sine
443 3208 532 3259 Seutbe
542 3221 584 3271 per
594 3208 696 3257 hiantem
707 3222 755 3257 non
766 3208 905 3257 habuissent
914 3207 980 3255 uude

227 3279 336 3328 virerent
350 3293 355 3326 :
369 3276 472 3341 denique
484 3291 538 3327 esse
547 3290 589 3327 eos
602 3277 732 3327 admodum
744 3272 861 3339 ingratos,
873 3281 898 3325 et
910 3276 979 3325 bene·

227 3348 336 3397 liciorum
346 3360 360 3395 a
372 3361 398 3397 se
411 3350 565 3409 acceptorum
579 3353 604 3396 et
615 3348 787 3410 promissorum
799 3346 845 3397 sibi
862 3344 980 3395 tectorum

228 3432 326 3481 prorsus
338 3418 497 3468 immemores.
530 3422 583 3476 Quo
596 3418 670 3478 secto,
680 3419 813 3482 xenophon
824 3432 838 3466 u
848 3419 979 3468 (thermino

227 3492 343 3551 Spartano
353 3492 377 3538 et
388 3489 511 3550 Polycrate
520 3488 658 3539 Atheniensi
666 3486 808 3539 detenditur.
841 3488 915 3537 Paulo
924 3491 980 3549 post

228 3559 330 3609 Seuthes
342 3573 384 3622 per
395 3559 550 3621 interpretem
571 3572 642 3608 suum
654 3562 723 3621 regat
741 3557 936 3620 xenophontem,
952 3560 980 3605 ut

228 3628 280 3691 ipse
303 3642 359 3678 cum
380 3630 444 3679 mille
461 3628 579 3681 militibus
597 3630 677 3691 grans
696 3634 823 3678 amrsturee
846 3626 910 3689 apud
926 3640 980 3677 sese

228 3704 365 3759 remaneat,
376 3699 509 3762 praesertim
519 3710 574 3749 cunr
588 3699 721 3763 periculum
734 3699 756 3748 ei
768 3712 783 3747 a
794 3697 980 3748 Lacedaemonis

228 3769 360 3819 immineat.
393 3770 527 3831 xenophon
544 3780 600 3819 vero
617 3770 691 3818 sacris
707 3769 777 3817 sactis
798 3780 854 3817 curn
872 3768 980 3816 exercitu

227 3838 350 3890 discedere
365 3840 457 3888 stahrit.
470 3866 500 3875 -
518 3842 576 3889 css.
589 3842 642 3888 Vll.
656 3838 748 3889 Graecis
764 3838 831 3887 vicos
847 3837 980 3885 maritimos

228 3907 396 3969 diripientibus
406 3908 473 3959 uenit
491 3907 632 3959 bledosades
648 3920 703 3957 cum
720 3906 813 3957 Medeai
829 3907 891 3969 regis
902 3906 980 3968 legato

228 3976 259 4026 ad
268 3979 453 4041 xenophontem
462 3982 500 4039 et,
513 3980 586 4029 minis
596 3978 699 4038 additis,
709 3980 789 4041 poscit
798 3982 826 4026 ut
836 3976 891 4026 inde
905 3976 979 4025 disee·

228 4043 294 4094 darrt.
328 4049 476 4111 xenophon,
500 4048 584 4109 ingrati
607 4048 680 4097 animi
699 4048 799 4097 crimine
813 4048 921 4107 obiecto,
945 4047 981 4095 lre

226 4114 295 4176 jubet
307 4115 337 4163 ad
349 4120 521 4178 Spartanomm
538 4117 637 4178 legatos.
670 4118 700 4167 iii
720 4130 805 4167 veroa
823 4120 980 4180 xenophonte

229 4183 352 4233 subomati
369 4185 525 4247 respondent,
542 4198 568 4234 se
586 4198 642 4234 cum
660 4187 735 4250 copiis
753 4186 809 4236 inde
830 4187 981 4237 discessuros

228 4266 295 4312 esse,
314 4254 458 4317 simulatque
474 4254 585 4317 stipendii
603 4256 722 4319 reliquum
740 4256 851 4306 solvisset
869 4258 978 4307 Seuthes.

228 4326 320 4383 llugatu
330 4323 425 4372 medem
434 4324 981 4389 Medosadisilcnophondestipendioagendo

229 4392 259 4441 ad
272 4394 379 4444 sentires
390 4395 500 4444 mittitur.
534 4396 579 4447 ilic
592 4396 739 4457 argumentis
750 4397 823 4447 variis
837 4396 909 4447 docet
919 4402 980 4448 Seu·

181 4472 183 4476 ·
228 4464 278 4511 thee
293 4463 350 4512 utile
359 4478 412 4512 esse
425 4465 517 4513 solvere
526 4464 590 4526 quod
602 4464 719 4526 debebat,
733 4466 871 4530 hominique
883 4480 980 4531 persna-

228 4532 277 4581 det.
311 4535 443 4597 Xenophon
455 4534 526 4596 igituir
535 4540 660 4599 acceptum
678 4540 704 4584 et
715 4537 816 4586 relatum
833 4538 979 4600 stipendium

230 4603 302 4652 tradit
317 4602 509 4653 distribuendum
525 4606 654 4668 Spartanis.
672 4610 769 4657 —Gln¹
784 4610 848 4657 VllI.
868 4609 981 4658 Exercitu

230 4674 329 4735 traiecto
354 4678 512 4737 Lampsacum
530 4676 682 4738 Xenophonti
709 4676 736 4726 tit
751 4677 848 4727 obviam
869 4676 981 4728 Euclides

230 4744 364 4807 haruspex,
376 4750 401 4795 et
412 4750 467 4794 culn
485 4746 655 4807 intellexisset,
667 4747 688 4797 ei
708 4760 739 4797 ne
750 4748 864 4797 viaticum
883 4748 981 4811 quidem

230 4827 296 4874 esse,
306 4818 333 4863 ut
343 4815 441 4865 domurn
453 4817 533 4865 uenire
543 4822 641 4880 posset,
653 4822 737 4867 auctor
752 4823 802 4878 est,
814 4822 842 4868 ut
850 4818 905 4868 iovi
920 4819 981 4868 ltili·

231 4884 286 4933 chio
302 4898 370 4935 sacra
386 4886 465 4935 iaciat.
499 4887 606 4937 Tandem
632 4890 774 4950 Pergamum
793 4902 849 4938 cum
876 4890 982 4938 venisset

229 4956 375 5018 xenophon,
387 4961 412 5007 et
423 4956 545 5006 ssimum
553 4962 711 5009 Persamcum
722 4960 898 5023 praedaingenli
907 4962 982 5023 cepis·

233 5028 284 5085 set,
295 5025 425 5077 exerdtum
438 5026 511 5078 tradit
522 5028 671 5078 Thimbroni.

524 5184 675 5208 *⁰000*—

675 537 869 602 HISTORIAE
889 535 1043 598 GRAECAE
1063 531 1313 595 ARGUMENTA.

1161 681 1418 792 rars'rorua
1447 679 1661 758 comcs.

1331 1010 1446 1070 Lissa
1467 1011 1491 1069 t.

1020 1197 1101 1244 carna
1108 1197 1128 1244 1.
1141 1195 1198 1243 Post
1206 1190 1324 1242 inlelloen
1335 1189 1359 1240 in
1368 1189 1523 1254 Hellesponto
1535 1201 1638 1253 pugnam
1648 1189 1803 1240 Athenienses

1050 1264 1136 1314 iisdem
1151 1264 1177 1312 ia
1190 1261 1263 1323 locis,
1277 1275 1334 1311 cunr
1349 1259 1483 1310 Alcrbisdes
1496 1259 1603 1310 venisset
1614 1260 1734 1319 subsidio,
1750 1274 1803 1323 pro

1050 1347 1119 1396 spera
1139 1333 1234 1382 roduna
1253 1336 1360 1381 utuntur.
1391 1330 1564 1394 Tissapbcmes
1584 1329 1608 1379 in
1624 1330 1804 1393 Hellespontum

1051 1402 1173 1466 proiectus
1183 1400 1331 1453 Alcibiadem
1339 1395 1539 1463 comprehensum
1553 1399 1579 1448 in
1588 1399 1720 1449 custodiam
1732 1401 1804 1462 conii·
1860 1388 1861 1411 ¹

1052 1469 1171 1521 cit2uude
1180 1470 1403 1534 illeuoetueiapsus
1413 1469 1646 1534 petitclazomeuas.
1673 1471 1804 1532 Tbrasylus

1050 1540 1709 1604 Athenasmvtgatsdmrasooptasetnavespetendas.
1741 1543 1805 1590 Cum

1051 1610 1804 1675 LacedaemoniiAlhamensesdenuopetereredentlrisauailio

1052 1682 1118 1731 venit
1133 1681 1282 1742 Alcibiades,
1301 1696 1349 1745 quo
1365 1680 1427 1732 duce
1440 1694 1520 1745 pugna
1530 1681 1562 1730 ad
1577 1681 1690 1743 Cyzicum
1706 1680 1805 1730 feliciter

1050 1756 1155 1816 pugnata
1166 1756 1217 1812 est,
1231 1751 1255 1800 in
1269 1765 1317 1814 qua
1330 1751 1418 1802 cecidit
1431 1751 1562 1802 Minderus.
1594 1751 1655 1800 Inde
1666 1765 1723 1800 cum
1732 1753 1804 1812 Athe,

1045 1822 1144 1872 aienses
1151 1836 1165 1871 e
1173 1822 1274 1883 Cynico,
1282 1821 1408 1883 Perintho,
1416 1822 1524 1885 Selybria
1530 1821 1644 1885 peccarim
1655 1822 1806 1882 coegissent·

1050 1895 1143 1943 munita
1154 1894 1294 1957 Chrysopoli
1306 1893 1439 1956 portorium
1450 1894 1615 1944 instituerunt.
1648 1893 1745 1943 Aillictis
1759 1897 1805 1942 La·

1052 1963 1254 2014 eedaemoniorum
1270 1964 1343 2012 rebus
1358 1965 1476 2012 succurrit
1488 1963 1665 2014 Pharnabazus.
1705 1963 1806 2012 Interim

1051 2034 1195 2097 praetentus
1210 2038 1413 2095 Syracusanorum
1425 2033 1490 2082 domi
1502 2033 1642 2094 abrogatum
1659 2031 1786 2093 imperium
1799 2045 1806 2079 ε

1051 2104 1076 2153 in
1092 2105 1173 2154 Thaso
1184 2104 1253 2164 ejecti
1265 2103 1307 2166 qui
1324 2103 1397 2152 rebus
1408 2091 1644 2154 Lacedaemoniorum
1661 2101 1784 2150 studerent
1798 2115 1805 2148 ε

1051 2174 1151 2223 Athenis
1162 2179 1244 2224 autem
1254 2174 1309 2236 Agis
1321 2173 1433 2222 admovet
1442 2173 1586 2232 exercitum,
1597 2185 1670 2234 quem
1681 2171 1758 2220 minus
1771 2185 1807 2219 ar-

1051 2244 1097 2292 mis
1115 2257 1188 2307 quarn
1205 2244 1277 2292 minis
1294 2243 1452 2293 Athenienses
1469 2243 1595 2306 repellunt.
1631 2241 1721 2292 Eodem
1740 2254 1807 2290 anno

1051 2315 1258 2377 Carthaginienses
1267 2314 1467 2375 magnoesercitu
1477 2312 1583 2375 aggressi
1593 2311 1732 2362 duasurbes
1741 2313 1808 2361 Grae

1051 2397 1092 2433 cas
1110 2389 1232 2448 ceperunt.
1245 2411 1276 2420 —
1288 2387 1347 2433 cae.
1360 2387 1392 2433 11.
1405 2383 1538 2444 Thrasylus
1549 2395 1605 2432 curn
1617 2382 1695 2432 classe
1707 2385 1808 2430 Samum

1051 2455 1120 2517 petit.
1148 2453 1207 2505 lade
1216 2454 1240 2503 in
1250 2454 1306 2504 Asia
1315 2454 1430 2503 nonnulla
1441 2453 1540 2504 feliciter
1548 2454 1622 2514 gerit,
1630 2451 1674 2504 sed
1682 2452 1808 2514 Ephesum

1051 2537 1177 2586 aggressus
1188 2525 1368 2587 aTissapberne
1378 2528 1402 2574 et
1411 2524 1565 2587 Syracusanis
1572 2522 1694 2573 defensam
1704 2521 1808 2571 afficitur

1052 2608 1139 2657 magna
1149 2595 1225 2644 clade.
1258 2598 1351 2645 Rursus
1360 2594 1390 2644 ad
1402 2594 1508 2644 Lesbum
1516 2594 1619 2644 naribus
1628 2598 1731 2654 quatuor
1738 2596 1810 2653 Syra-

1052 2677 1196 2714 cusanorum
1211 2665 1289 2728 captis
1304 2664 1426 2726 navigavit
1442 2667 1551 2725 Sestum,
1568 2663 1609 2712 ubi
1625 2667 1693 2712 erant
1708 2662 1810 2724 reliques

1051 2735 1232 2786 Atheniensium
1239 2736 1322 2798 eopia.
1356 2735 1551 2785 ilincunirersus
1561 2733 1682 2783 exereitus
1694 2735 1809 2795 lampsa-

1051 2821 1106 2857 cum
1116 2821 1142 2856 se
1153 2806 1253 2856 eontulit
1262 2807 1294 2856 ad
1303 2807 1415 2867 hiberna,
1427 2806 1550 2868 inquibus
1560 2804 1680 2855 Alcibiade
1692 2804 1752 2853 duce
1763 2804 1807 2853 ad·

1052 2889 1136 2927 versus
1150 2876 1261 2940 Abydum
1276 2876 1426 2940 expeditione
1438 2881 1551 2940 suscepta
1561 2874 1741 2925 Pharnabazum
1753 2875 1809 2922 rin·

1053 2952 1125 3010 cunt,
1137 2953 1162 2999 et
1172 2947 1225 2997 aliis
1236 2947 1295 2997 locis
1306 2950 1433 2998 Persarum
1444 2951 1521 2997 terras
1532 2947 1637 2995 restam.
1647 2972 1678 2982 -
1690 2947 1748 2997 car.
1759 2947 1808 2994 lll.

1052 3020 1210 3069 Athenienses
1220 3017 1408 3077 Chalcedonam,
1420 3032 1477 3080 qum
1492 3016 1522 3066 ad
1534 3016 1728 3066 Lacedaemonios
1741 3013 1810 3065 deie-

1052 3093 1129 3149 cerat,
1137 3092 1283 3151 oppugnant.
1300 3092 1361 3137 Earn
1371 3088 1495 3139 infeliciter
1502 3086 1628 3136 defendere
1637 3091 1739 3134 conatur
1747 3085 1809 3148 ilip-

1051 3163 1161 3221 pocrates
1169 3157 1406 3207 Lacedaemoniorum
1413 3158 1543 3207 lrarmosta.
1577 3160 1657 3214 Quare
1666 3168 1721 3204 cum
1732 3154 1772 3203 bic
1783 3156 1811 3204 in

1052 3241 1131 3290 pugna
1141 3228 1280 3290 occidisset,
1290 3228 1447 3277 Athenienses
1458 3240 1514 3276 cum
1525 3226 1692 3279 chalcodontis
1699 3230 1723 3275 et
1732 3224 1811 3275 Phar·

1052 3299 1156 3357 nabazo,
1165 3298 1207 3361 qui
1217 3298 1255 3347 his
1264 3298 1354 3347 auxilio
1363 3301 1473 3358 venemt,
1483 3310 1565 3361 pacem
1575 3296 1667 3347 ineunt.
1700 3298 1757 3345 Mox
1766 3308 1812 3345 eo·

1052 3367 1107 3421 dero
1119 3368 1191 3417 modo
1205 3370 1347 3430 ayrardum
1360 3372 1499 3431 oppugnant
1509 3380 1524 3417 a
1534 3366 1721 3417 Lacedaemoniis
1733 3378 1812 3415 occu·

1052 3443 1138 3500 putum
1147 3454 1153 3487 :
1161 3438 1227 3501 quod
1236 3452 1292 3487 cum
1301 3440 1353 3502 capi
1362 3452 1409 3487 nou
1419 3438 1572 3501 potuisset,a
1581 3436 1701 3498 Byrantiis
1713 3436 1773 3498 ipsis
1783 3440 1814 3485 et

1053 3509 1240 3576 Lacedaemoniis
1252 3506 1396 3571 quibusdam
1409 3508 1507 3558 ahsente
1519 3507 1634 3557 Clearclro
1646 3506 1770 3555 hermesta
1783 3506 1813 3555 in

1053 3593 1139 3629 manus
1155 3579 1350 3641 Atheniensium,
1364 3592 1426 3641 quos
1443 3578 1505 3627 dam
1521 3581 1595 3631 nodo
1610 3576 1811 3638 intromiserant,

1052 3649 1163 3699 traditur.
1170 3677 1201 3685 -
1208 3652 1266 3699 cae.
1279 3648 1492 3699 trecasenae
1504 3646 1603 3697 Perside
1614 3645 1812 3708 Laoedremonio·

1052 3733 1106 3768 mm
1112 3719 1183 3782 legati
1190 3733 1246 3769 curn
1254 3720 1395 3782 omniaque
1408 3717 1541 3767 notassent
1550 3731 1564 3765 a
1573 3730 1628 3778 rege
1636 3728 1662 3764 se
1672 3716 1814 3766 obtinuisse

1052 3789 1171 3852 dicerent,
1182 3790 1338 3850 Athenienses
1347 3802 1444 3851 quoque
1454 3802 1480 3837 se
1489 3789 1552 3837 istuc
1560 3785 1649 3836 deduci
1659 3784 1791 3847 cupiebant
1802 3800 1811 3833 ι

1052 3862 1095 3911 aed
1106 3861 1148 3912 diu
1160 3876 1175 3911 a
1185 3862 1338 3912 Pharnabaro
1349 3865 1374 3909 et
1383 3863 1446 3921 cyro
1454 3859 1501 3908 lusi
1513 3858 1583 3907 tertio
1592 3858 1691 3907 demum
1701 3869 1766 3904 auno
1776 3857 1813 3906 ad

1053 3946 1123 3982 suum
1133 3934 1265 3983 exercitum
1276 3930 1367 3981 reducti
1377 3934 1441 3979 sunt.
1467 3928 1603 3980 Alcibiades
1610 3940 1665 3976 curn
1674 3925 1769 3975 anhnos
1779 3928 1815 3976 ci·

1052 4004 1142 4052 viuma
1153 4017 1180 4053 se
1188 4016 1237 4052 nen
1249 4003 1339 4051 alienos
1352 4000 1457 4060 rideret,
1472 4013 1547 4062 seque
1557 3998 1665 4047 audisset
1677 3997 1817 4059 imperato-

1052 4087 1103 4123 rem
1115 4087 1169 4123 esse
1180 4078 1304 4132 creatum,
1316 4072 1422 4122 Athenas
1434 4070 1576 4131 demigravit
1590 4068 1670 4130 ibique
1682 4080 1817 4117 summum

1052 4144 1173 4206 copiarum
1189 4142 1372 4192 Atheniensium
1384 4142 1511 4205 imperium
1523 4138 1693 4188 demandatum
1704 4138 1815 4199 scarpis.

1053 4212 1114 4262 ilinc
1127 4212 1247 4276 proiectus
1257 4218 1294 4262 est
1306 4212 1413 4261 Andrum
1424 4216 1449 4260 et
1458 4215 1566 4261 Samum.
1576 4235 1608 4242 —
1619 4210 1677 4255 cre.
1690 4208 1721 4255 V.
1736 4209 1817 4255 Lace-

1052 4281 1165 4332 daemonii
1174 4283 1269 4333 interim
1276 4286 1403 4335 Persarum
1409 4276 1712 4343 opibusadjutiadbellum
1720 4280 1819 4337 Lysan-

1054 4353 1097 4403 dro
1111 4353 1172 4402 duce
1189 4367 1215 4402 se
1227 4353 1390 4411 instnrebant,
1403 4352 1479 4401 classe
1494 4350 1524 4399 ad
1540 4350 1662 4412 Ephesum
1677 4346 1818 4400 subducta.

1054 4428 1108 4474 lam
1121 4437 1175 4474 cum
1188 4422 1322 4472 Alcibiades
1338 4422 1435 4471 Notium
1445 4422 1565 4484 proiectus
1576 4434 1591 4467 a
1602 4418 1705 4467 nar'ibus
1717 4417 1821 4467 disces·

1054 4494 1140 4555 sisset,
1158 4492 1268 4543 Antiochi
1286 4492 1421 4541 temeritate
1444 4491 1602 4540 Athenienses
1622 4487 1710 4537 intelici
1728 4500 1822 4548 pugna

1053 4564 1189 4628 quindecim
1196 4577 1269 4612 naves
1276 4563 1416 4611 amiserunt.
1425 4560 1452 4610 id
1460 4574 1515 4610 curn
1524 4558 1652 4609 Alcibiadis
1659 4558 1736 4620 maipa
1743 4556 1822 4609 dorni

1054 4633 1197 4693 tribuerent,
1207 4633 1290 4694 ineius
1296 4632 1376 4681 locum
1386 4631 1502 4681 suffectus
1509 4634 1547 4679 est
1556 4634 1648 4679 conon.
1657 4656 1687 4664 -
1695 4632 1755 4678 car.
1766 4630 1820 4677 vi.

1053 4702 1177 4766 Lysandro
1187 4717 1310 4752 successor
1320 4702 1410 4751 missus
1420 4700 1593 4751 Callicratidas.
1620 4699 1735 4749 simultas
1747 4696 1823 4747 inser

1056 4777 1192 4835 utrumque.
1227 4776 1246 4821 A
1257 4776 1320 4834 cyro
1329 4784 1385 4820 cum
1394 4771 1452 4820 huic
1463 4784 1511 4819 nou
1520 4772 1603 4820 statim
1614 4767 1714 4833 pecunia
1725 4780 1822 4817 nume-

1056 4847 1156 4902 raretur,
1168 4856 1182 4892 e
1192 4843 1274 4892 blilcto
1285 4847 1310 4891 et
1321 4842 1383 4892 ebio
1394 4843 1487 4904 accepit
1499 4842 1563 4892 uude
1574 4838 1692 4903 stipendia
1704 4839 1757 4887 suis
1770 4837 1823 4886 da-

1056 4915 1099 4961 ret.
1131 4912 1192 4961 ilinc
1203 4913 1283 4960 statim
1295 4912 1459 4974 Methymnam
1468 4910 1615 4973 expugnarit
1627 4907 1720 4958 atinde
1732 4908 1825 4956 Cone·

1055 4996 1110 5031 nem
1122 4981 1153 5030 ad
1167 4982 1304 5043 blytiieuem
1317 4982 1419 5031 obsedit
1452 4981 1523 5040 Quod
1537 4995 1593 5029 orm
1610 4980 1729 5042 perlatum
1745 4984 1828 5029 esset

1056 5052 1174 5112 Athenas,
1182 5064 1292 5113 magnmu
1301 5052 1404 5101 classem
1412 5052 1569 5102 Athenienses
1577 5051 1599 5099 ei
1607 5050 1723 5099 mberuut
1734 5048 1828 5097 subsi-

1056 5120 1103 5170 dio.
1136 5124 1198 5172 cum
1208 5122 1254 5170 hac
1265 5121 1410 5190 reliquisque
1421 5121 1604 5171 Atheniensium
1614 5118 1689 5182 copiis
1700 5116 1827 5168 callicra-

1056 5190 1119 5240 tidas
1130 5204 1272 5253 congressus
1283 5191 1314 5239 ad
1324 5192 1453 5253 Arginmm
1463 5192 1514 5254 ipse
1525 5192 1551 5241 in
1562 5191 1622 5240 mari
1631 5189 1702 5252 periit
1713 5202 1720 5235 ε
1735 5200 1829 5240 naves

1055 5266 1136 5311 autern
1152 5263 1203 5324 ejus
1217 5266 1259 5310 sut
1276 5261 1448 5312 demerserant
1464 5266 1548 5325 capae.
1580 5258 1709 5311 Eteonicus
1727 5261 1826 5311 tamen

1056 5332 1141 5382 callide
1157 5346 1212 5381 curn
1226 5330 1324 5393 reliquis
1335 5332 1431 5394 elapsus
1446 5336 1492 5382 est.
1503 5360 1533 5368 -
1547 5334 1606 5382 car.
1621 5334 1676 5380 vil.
1693 5328 1743 5379 Sed
1756 5332 1830 5393 quia
