<?xml version="1.0" encoding="UTF-8"?>
<!DOCTYPE html PUBLIC "-//W3C//DTD XHTML 1.0 Transitional//EN"
    "http://www.w3.org/TR/xhtml1/DTD/xhtml1-transitional.dtd">
<html xmlns="http://www.w3.org/1999/xhtml" xml:lang="en" lang="en">
 <head>
  <title>
</title>
<meta http-equiv="Content-Type" content="text/html;charset=utf-8" />
  <meta name='ocr-system' content='tesseract 3.04.00' />
  <meta name='ocr-capabilities' content='ocr_page ocr_carea ocr_par ocr_line ocrx_word'/>
</head>
<body>
  <div class='ocr_page' id='page_1' title='image "./xenophontisscri00dbgoog/xenophontisscri00dbgoog_0020.png"; bbox 0 0 3725 5950; ppageno 0'>
   <div class='ocr_carea' id='block_1_1' title="bbox 197 533 235 604">
    <p class='ocr_par' dir='ltr' id='par_1_1' title="bbox 197 533 235 604">
     <span class='ocr_line' id='line_1_1' title="bbox 197 533 235 604; baseline 0 0"><span class='ocrx_word' id='word_1_1' title='bbox 197 533 235 604; x_wconf 83' lang='lat' dir='ltr'>aij</span> 
     </span>
    </p>
   </div>
   <div class='ocr_carea' id='block_1_2' title="bbox 225 652 980 1628">
    <p class='ocr_par' dir='ltr' id='par_1_2' title="bbox 225 652 980 1628">
     <span class='ocr_line' id='line_1_2' title="bbox 225 652 976 704; baseline -0.004 -2"><span class='ocrx_word' id='word_1_2' title='bbox 225 654 328 703; x_wconf 90' lang='lat' dir='ltr'>militum</span> <span class='ocrx_word' id='word_1_3' title='bbox 342 654 365 702; x_wconf 91' lang='lat' dir='ltr'>rl</span> <span class='ocrx_word' id='word_1_4' title='bbox 383 658 407 703; x_wconf 89' lang='lat' dir='ltr'>et</span> <span class='ocrx_word' id='word_1_5' title='bbox 419 654 516 704; x_wconf 90' lang='lat' dir='ltr'>rlrlnte.</span> <span class='ocrx_word' id='word_1_6' title='bbox 534 681 564 688; x_wconf 82' lang='lat'>-</span> <span class='ocrx_word' id='word_1_7' title='bbox 580 657 639 704; x_wconf 81' lang='lat' dir='ltr'>Gar.</span> <span class='ocrx_word' id='word_1_8' title='bbox 660 657 700 703; x_wconf 91' lang='lat' dir='ltr'>lV.</span> <span class='ocrx_word' id='word_1_9' title='bbox 721 654 779 703; x_wconf 90' lang='lat' dir='ltr'>lnde</span> <span class='ocrx_word' id='word_1_10' title='bbox 793 652 929 701; x_wconf 78' lang='lat' dir='ltr'><strong>Armeniam</strong></span> <span class='ocrx_word' id='word_1_11' title='bbox 943 653 976 700; x_wconf 92' lang='lat' dir='ltr'>in-</span> 
     </span>
     <span class='ocr_line' id='line_1_3' title="bbox 226 721 976 787; baseline -0.007 -13"><span class='ocrx_word' id='word_1_12' title='bbox 226 726 301 787; x_wconf 79' lang='lat' dir='ltr'>gressi</span> <span class='ocrx_word' id='word_1_13' title='bbox 317 729 341 773; x_wconf 91' lang='lat' dir='ltr'>et</span> <span class='ocrx_word' id='word_1_14' title='bbox 358 724 477 786; x_wconf 87' lang='lat' dir='ltr'>superatis</span> <span class='ocrx_word' id='word_1_15' title='bbox 493 724 570 785; x_wconf 87' lang='lat' dir='ltr'>&#39;l&#39;igris</span> <span class='ocrx_word' id='word_1_16' title='bbox 587 723 693 773; x_wconf 82' lang='lat' dir='ltr'>fontibus</span> <span class='ocrx_word' id='word_1_17' title='bbox 705 729 759 786; x_wconf 90' lang='lat' dir='ltr'>post</span> <span class='ocrx_word' id='word_1_18' title='bbox 773 725 865 785; x_wconf 80' lang='lat' dir='ltr'><strong>aliquot</strong></span> <span class='ocrx_word' id='word_1_19' title='bbox 882 721 976 770; x_wconf 91' lang='lat' dir='ltr'>dierum</span> 
     </span>
     <span class='ocr_line' id='line_1_4' title="bbox 226 793 977 857; baseline -0.004 -14"><span class='ocrx_word' id='word_1_20' title='bbox 226 797 271 844; x_wconf 90' lang='lat' dir='ltr'>iter</span> <span class='ocrx_word' id='word_1_21' title='bbox 278 795 422 857; x_wconf 84' lang='lat' dir='ltr'>perveniunt</span> <span class='ocrx_word' id='word_1_22' title='bbox 432 794 463 842; x_wconf 89' lang='lat' dir='ltr'>ad</span> <span class='ocrx_word' id='word_1_23' title='bbox 475 794 602 843; x_wconf 87' lang='lat' dir='ltr'>&#39;feleboam</span> <span class='ocrx_word' id='word_1_24' title='bbox 612 807 706 843; x_wconf 90' lang='lat' dir='ltr'>amnem</span> <span class='ocrx_word' id='word_1_25' title='bbox 716 830 723 854; x_wconf 92' lang='lat'>,</span> <span class='ocrx_word' id='word_1_26' title='bbox 735 795 760 842; x_wconf 89' lang='lat' dir='ltr'>iri</span> <span class='ocrx_word' id='word_1_27' title='bbox 772 793 907 844; x_wconf 78' lang='lat' dir='ltr'>Armeniam</span> <span class='ocrx_word' id='word_1_28' title='bbox 917 793 977 841; x_wconf 87' lang='lat' dir='ltr'>oeci·</span> 
     </span>
     <span class='ocr_line' id='line_1_5' title="bbox 226 863 976 931; baseline -0.005 -17"><span class='ocrx_word' id='word_1_29' title='bbox 226 866 355 915; x_wconf 84' lang='lat' dir='ltr'>dentatam.</span> <span class='ocrx_word' id='word_1_30' title='bbox 390 865 493 914; x_wconf 90' lang='lat' dir='ltr'>ibicum</span> <span class='ocrx_word' id='word_1_31' title='bbox 509 865 637 926; x_wconf 86' lang='lat' dir='ltr'>Teribazn,</span> <span class='ocrx_word' id='word_1_32' title='bbox 653 864 755 926; x_wconf 83' lang='lat' dir='ltr'>regionis</span> <span class='ocrx_word' id='word_1_33' title='bbox 770 869 877 931; x_wconf 74' lang='lat' dir='ltr'>satrapa,</span> <span class='ocrx_word' id='word_1_34' title='bbox 891 863 925 910; x_wconf 90' lang='lat' dir='ltr'>uli</span> <span class='ocrx_word' id='word_1_35' title='bbox 938 875 976 924; x_wconf 93' lang='lat' dir='ltr'>pe·</span> 
     </span>
     <span class='ocr_line' id='line_1_6' title="bbox 229 933 978 997; baseline -0.007 -13"><span class='ocrx_word' id='word_1_36' title='bbox 229 936 303 984; x_wconf 90' lang='lat' dir='ltr'>tierat</span> <span class='ocrx_word' id='word_1_37' title='bbox 323 936 388 997; x_wconf 89' lang='lat' dir='ltr'>ipse,</span> <span class='ocrx_word' id='word_1_38' title='bbox 407 935 516 984; x_wconf 83' lang='lat' dir='ltr'>inducias</span> <span class='ocrx_word' id='word_1_39' title='bbox 536 933 634 983; x_wconf 89' lang='lat' dir='ltr'>faciunt.</span> <span class='ocrx_word' id='word_1_40' title='bbox 668 933 717 984; x_wconf 86' lang='lat' dir='ltr'>Sed</span> <span class='ocrx_word' id='word_1_41' title='bbox 734 933 889 982; x_wconf 91' lang='lat' dir='ltr'>nihilominus</span> <span class='ocrx_word' id='word_1_42' title='bbox 906 934 978 980; x_wconf 86' lang='lat' dir='ltr'>homo</span> 
     </span>
     <span class='ocr_line' id='line_1_7' title="bbox 227 1003 976 1068; baseline -0.007 -12"><span class='ocrx_word' id='word_1_43' title='bbox 227 1007 309 1056; x_wconf 89' lang='lat' dir='ltr'>statim</span> <span class='ocrx_word' id='word_1_44' title='bbox 327 1006 434 1068; x_wconf 83' lang='lat' dir='ltr'>sequitur</span> <span class='ocrx_word' id='word_1_45' title='bbox 452 1019 507 1054; x_wconf 92' lang='lat' dir='ltr'>cum</span> <span class='ocrx_word' id='word_1_46' title='bbox 527 1006 610 1054; x_wconf 89' lang='lat' dir='ltr'>multis</span> <span class='ocrx_word' id='word_1_47' title='bbox 633 1005 707 1067; x_wconf 90' lang='lat' dir='ltr'>copiis</span> <span class='ocrx_word' id='word_1_48' title='bbox 729 1009 755 1054; x_wconf 89' lang='lat' dir='ltr'>et</span> <span class='ocrx_word' id='word_1_49' title='bbox 774 1003 872 1054; x_wconf 77' lang='lat' dir='ltr'>insidias</span> <span class='ocrx_word' id='word_1_50' title='bbox 896 1003 976 1052; x_wconf 88' lang='lat' dir='ltr'>struit.</span> 
     </span>
     <span class='ocr_line' id='line_1_8' title="bbox 226 1073 978 1137; baseline -0.004 -13"><span class='ocrx_word' id='word_1_51' title='bbox 226 1080 320 1137; x_wconf 87' lang='lat' dir='ltr'>Quare,</span> <span class='ocrx_word' id='word_1_52' title='bbox 337 1077 397 1124; x_wconf 86' lang='lat' dir='ltr'>riois</span> <span class='ocrx_word' id='word_1_53' title='bbox 420 1074 521 1133; x_wconf 89' lang='lat' dir='ltr'>relictis,</span> <span class='ocrx_word' id='word_1_54' title='bbox 540 1080 657 1135; x_wconf 85' lang='lat' dir='ltr'>‹mguntnr</span> <span class='ocrx_word' id='word_1_55' title='bbox 678 1075 724 1124; x_wconf 88' lang='lat' dir='ltr'>sub</span> <span class='ocrx_word' id='word_1_56' title='bbox 740 1073 780 1122; x_wconf 90' lang='lat' dir='ltr'>dio</span> <span class='ocrx_word' id='word_1_57' title='bbox 795 1077 935 1136; x_wconf 85' lang='lat' dir='ltr'>pernoctare</span> <span class='ocrx_word' id='word_1_58' title='bbox 953 1078 978 1122; x_wconf 91' lang='lat' dir='ltr'>et</span> 
     </span>
     <span class='ocr_line' id='line_1_9' title="bbox 227 1143 978 1207; baseline -0.007 -12"><span class='ocrx_word' id='word_1_59' title='bbox 227 1147 290 1195; x_wconf 89' lang='lat' dir='ltr'>uiris</span> <span class='ocrx_word' id='word_1_60' title='bbox 297 1147 400 1207; x_wconf 87' lang='lat' dir='ltr'>ingentis</span> <span class='ocrx_word' id='word_1_61' title='bbox 408 1143 562 1194; x_wconf 87' lang='lat' dir='ltr'>incommoda</span> <span class='ocrx_word' id='word_1_62' title='bbox 572 1145 680 1194; x_wconf 88' lang='lat' dir='ltr'>tolerare.</span> <span class='ocrx_word' id='word_1_63' title='bbox 689 1171 718 1180; x_wconf 89' lang='lat'>-</span> <span class='ocrx_word' id='word_1_64' title='bbox 731 1148 789 1194; x_wconf 81' lang='lat' dir='ltr'>car.</span> <span class='ocrx_word' id='word_1_65' title='bbox 801 1148 831 1193; x_wconf 79' lang='lat' dir='ltr'>v.</span> <span class='ocrx_word' id='word_1_66' title='bbox 844 1146 880 1191; x_wconf 88' lang='lat' dir='ltr'>Ne</span> <span class='ocrx_word' id='word_1_67' title='bbox 891 1143 978 1192; x_wconf 87' lang='lat' dir='ltr'>iterum</span> 
     </span>
     <span class='ocr_line' id='line_1_10' title="bbox 227 1212 978 1279; baseline -0.007 -14"><span class='ocrx_word' id='word_1_68' title='bbox 227 1217 334 1266; x_wconf 90' lang='lat' dir='ltr'>hostium</span> <span class='ocrx_word' id='word_1_69' title='bbox 353 1217 427 1279; x_wconf 81' lang='lat' dir='ltr'>copiae</span> <span class='ocrx_word' id='word_1_70' title='bbox 448 1216 615 1274; x_wconf 76' lang='lat' dir='ltr'>convenirent,</span> <span class='ocrx_word' id='word_1_71' title='bbox 640 1213 695 1263; x_wconf 86' lang='lat' dir='ltr'>inde</span> <span class='ocrx_word' id='word_1_72' title='bbox 718 1212 834 1276; x_wconf 90' lang='lat' dir='ltr'>postridie</span> <span class='ocrx_word' id='word_1_73' title='bbox 860 1217 978 1273; x_wconf 84' lang='lat' dir='ltr'>coguntur</span> 
     </span>
     <span class='ocr_line' id='line_1_11' title="bbox 227 1283 979 1350; baseline -0.003 -16"><span class='ocrx_word' id='word_1_74' title='bbox 227 1287 352 1350; x_wconf 86' lang='lat' dir='ltr'>pmlicisci.</span> <span class='ocrx_word' id='word_1_75' title='bbox 385 1287 433 1336; x_wconf 88' lang='lat' dir='ltr'>Sed</span> <span class='ocrx_word' id='word_1_76' title='bbox 451 1287 490 1334; x_wconf 92' lang='lat' dir='ltr'>bic</span> <span class='ocrx_word' id='word_1_77' title='bbox 501 1299 543 1348; x_wconf 87' lang='lat' dir='ltr'>per</span> <span class='ocrx_word' id='word_1_78' title='bbox 554 1285 644 1348; x_wconf 90' lang='lat' dir='ltr'>aliquot</span> <span class='ocrx_word' id='word_1_79' title='bbox 656 1284 708 1333; x_wconf 89' lang='lat' dir='ltr'>dies</span> <span class='ocrx_word' id='word_1_80' title='bbox 722 1297 845 1332; x_wconf 90' lang='lat' dir='ltr'>summum</span> <span class='ocrx_word' id='word_1_81' title='bbox 864 1283 979 1332; x_wconf 87' lang='lat' dir='ltr'>valetudi-</span> 
     </span>
     <span class='ocr_line' id='line_1_12' title="bbox 227 1353 979 1415; baseline -0.005 -9"><span class='ocrx_word' id='word_1_82' title='bbox 227 1358 278 1415; x_wconf 90' lang='lat' dir='ltr'>nis,</span> <span class='ocrx_word' id='word_1_83' title='bbox 297 1357 380 1406; x_wconf 89' lang='lat' dir='ltr'>salutis</span> <span class='ocrx_word' id='word_1_84' title='bbox 396 1360 421 1406; x_wconf 86' lang='lat' dir='ltr'>et</span> <span class='ocrx_word' id='word_1_85' title='bbox 436 1357 493 1405; x_wconf 79' lang='lat' dir='ltr'>ritae</span> <span class='ocrx_word' id='word_1_86' title='bbox 510 1355 637 1404; x_wconf 83' lang='lat' dir='ltr'>discrimen</span> <span class='ocrx_word' id='word_1_87' title='bbox 654 1355 742 1404; x_wconf 84' lang='lat' dir='ltr'>aderint</span> <span class='ocrx_word' id='word_1_88' title='bbox 757 1355 789 1404; x_wconf 96' lang='lat' dir='ltr'>ob</span> <span class='ocrx_word' id='word_1_89' title='bbox 806 1355 856 1403; x_wconf 92' lang='lat' dir='ltr'>rim</span> <span class='ocrx_word' id='word_1_90' title='bbox 872 1353 979 1415; x_wconf 84' lang='lat' dir='ltr'>frigoris,</span> 
     </span>
     <span class='ocr_line' id='line_1_13' title="bbox 228 1423 978 1486; baseline -0.005 -10"><span class='ocrx_word' id='word_1_91' title='bbox 228 1427 291 1476; x_wconf 91' lang='lat' dir='ltr'>niris</span> <span class='ocrx_word' id='word_1_92' title='bbox 300 1427 450 1476; x_wconf 81' lang='lat' dir='ltr'>altitudinem</span> <span class='ocrx_word' id='word_1_93' title='bbox 462 1440 490 1474; x_wconf 89' lang='lat' dir='ltr'>ac</span> <span class='ocrx_word' id='word_1_94' title='bbox 501 1427 668 1474; x_wconf 86' lang='lat' dir='ltr'>necessitatem</span> <span class='ocrx_word' id='word_1_95' title='bbox 680 1424 781 1486; x_wconf 78' lang='lat' dir='ltr'>inediae,</span> <span class='ocrx_word' id='word_1_96' title='bbox 795 1423 906 1472; x_wconf 89' lang='lat' dir='ltr'>hostibus</span> <span class='ocrx_word' id='word_1_97' title='bbox 918 1424 978 1472; x_wconf 90' lang='lat' dir='ltr'>inse·</span> 
     </span>
     <span class='ocr_line' id='line_1_14' title="bbox 228 1493 980 1558; baseline -0.005 -13"><span class='ocrx_word' id='word_1_98' title='bbox 228 1496 365 1558; x_wconf 80' lang='lat' dir='ltr'>questibus.</span> <span class='ocrx_word' id='word_1_99' title='bbox 398 1496 504 1544; x_wconf 84' lang='lat' dir='ltr'>Tandem</span> <span class='ocrx_word' id='word_1_100' title='bbox 525 1496 549 1543; x_wconf 92' lang='lat' dir='ltr'>in</span> <span class='ocrx_word' id='word_1_101' title='bbox 572 1495 638 1544; x_wconf 81' lang='lat' dir='ltr'>vicos</span> <span class='ocrx_word' id='word_1_102' title='bbox 659 1493 772 1542; x_wconf 89' lang='lat' dir='ltr'>omnihus</span> <span class='ocrx_word' id='word_1_103' title='bbox 788 1493 863 1555; x_wconf 89' lang='lat' dir='ltr'>copiis</span> <span class='ocrx_word' id='word_1_104' title='bbox 880 1493 980 1542; x_wconf 88' lang='lat' dir='ltr'>refertos</span> 
     </span>
     <span class='ocr_line' id='line_1_15' title="bbox 229 1563 980 1628; baseline -0.005 -14"><span class='ocrx_word' id='word_1_105' title='bbox 229 1568 382 1628; x_wconf 80' lang='lat' dir='ltr'>perueniunt,</span> <span class='ocrx_word' id='word_1_106' title='bbox 395 1569 435 1616; x_wconf 90' lang='lat' dir='ltr'>ubi</span> <span class='ocrx_word' id='word_1_107' title='bbox 447 1580 488 1628; x_wconf 91' lang='lat' dir='ltr'>per</span> <span class='ocrx_word' id='word_1_108' title='bbox 499 1565 550 1614; x_wconf 90' lang='lat' dir='ltr'>dies</span> <span class='ocrx_word' id='word_1_109' title='bbox 564 1570 656 1627; x_wconf 89' lang='lat' dir='ltr'>septem</span> <span class='ocrx_word' id='word_1_110' title='bbox 668 1565 732 1613; x_wconf 88' lang='lat' dir='ltr'>laute</span> <span class='ocrx_word' id='word_1_111' title='bbox 742 1563 827 1612; x_wconf 89' lang='lat' dir='ltr'>rirunt</span> <span class='ocrx_word' id='word_1_112' title='bbox 843 1567 867 1612; x_wconf 90' lang='lat' dir='ltr'>et</span> <span class='ocrx_word' id='word_1_113' title='bbox 880 1575 980 1625; x_wconf 79' lang='lat' dir='ltr'>carpam</span> 
     </span>
    </p>
   </div>
   <div class='ocr_carea' id='block_1_3' title="bbox 228 1631 991 1698">
    <p class='ocr_par' dir='ltr' id='par_1_3' title="bbox 228 1631 991 1698">
     <span class='ocr_line' id='line_1_16' title="bbox 228 1631 991 1698; baseline -0.008 -13"><span class='ocrx_word' id='word_1_114' title='bbox 228 1635 321 1698; x_wconf 88' lang='lat' dir='ltr'>egregie</span> <span class='ocrx_word' id='word_1_115' title='bbox 330 1641 422 1684; x_wconf 85' lang='lat' dir='ltr'>curant.</span> <span class='ocrx_word' id='word_1_116' title='bbox 435 1662 465 1670; x_wconf 90' lang='lat'>-</span> <span class='ocrx_word' id='word_1_117' title='bbox 475 1637 533 1684; x_wconf 83' lang='lat' dir='ltr'>car.</span> <span class='ocrx_word' id='word_1_118' title='bbox 546 1638 589 1683; x_wconf 89' lang='lat' dir='ltr'>Vl.</span> <span class='ocrx_word' id='word_1_119' title='bbox 601 1638 662 1683; x_wconf 89' lang='lat' dir='ltr'>Octo</span> <span class='ocrx_word' id='word_1_120' title='bbox 671 1633 757 1682; x_wconf 90' lang='lat' dir='ltr'>diebus</span> <span class='ocrx_word' id='word_1_121' title='bbox 771 1637 826 1695; x_wconf 90' lang='lat' dir='ltr'>post</span> <span class='ocrx_word' id='word_1_122' title='bbox 839 1631 907 1690; x_wconf 88' lang='lat' dir='ltr'>inde,</span> <span class='ocrx_word' id='word_1_123' title='bbox 921 1643 991 1692; x_wconf 58' lang='lat' dir='ltr'>pra»,</span> 
     </span>
    </p>
   </div>
   <div class='ocr_carea' id='block_1_4' title="bbox 229 1701 988 4285">
    <p class='ocr_par' dir='ltr' id='par_1_4' title="bbox 229 1701 988 4285">
     <span class='ocr_line' id='line_1_17' title="bbox 229 1701 980 1767; baseline -0.008 -13"><span class='ocrx_word' id='word_1_124' title='bbox 229 1706 292 1756; x_wconf 90' lang='lat' dir='ltr'>fecto</span> <span class='ocrx_word' id='word_1_125' title='bbox 303 1706 350 1754; x_wconf 82' lang='lat' dir='ltr'>rici</span> <span class='ocrx_word' id='word_1_126' title='bbox 361 1707 422 1754; x_wconf 87' lang='lat' dir='ltr'>duce</span> <span class='ocrx_word' id='word_1_127' title='bbox 434 1705 494 1764; x_wconf 80' lang='lat' dir='ltr'>rire,</span> <span class='ocrx_word' id='word_1_128' title='bbox 509 1703 701 1767; x_wconf 83' lang='lat' dir='ltr'>proficiscuntur,</span> <span class='ocrx_word' id='word_1_129' title='bbox 715 1703 757 1752; x_wconf 90' lang='lat' dir='ltr'>sed</span> <span class='ocrx_word' id='word_1_130' title='bbox 766 1701 846 1750; x_wconf 91' lang='lat' dir='ltr'>triduo</span> <span class='ocrx_word' id='word_1_131' title='bbox 857 1705 912 1763; x_wconf 89' lang='lat' dir='ltr'>post</span> <span class='ocrx_word' id='word_1_132' title='bbox 923 1712 980 1749; x_wconf 91' lang='lat' dir='ltr'>cnm</span> 
     </span>
     <span class='ocr_line' id='line_1_18' title="bbox 229 1772 979 1836; baseline -0.009 -10"><span class='ocrx_word' id='word_1_133' title='bbox 229 1776 280 1826; x_wconf 82' lang='lat' dir='ltr'>dux</span> <span class='ocrx_word' id='word_1_134' title='bbox 295 1777 359 1836; x_wconf 82' lang='lat' dir='ltr'>rire,</span> <span class='ocrx_word' id='word_1_135' title='bbox 371 1776 434 1824; x_wconf 90' lang='lat' dir='ltr'>male</span> <span class='ocrx_word' id='word_1_136' title='bbox 446 1775 568 1823; x_wconf 87' lang='lat' dir='ltr'>hahitusa</span> <span class='ocrx_word' id='word_1_137' title='bbox 585 1774 743 1836; x_wconf 85' lang='lat' dir='ltr'>Chirisoplio,</span> <span class='ocrx_word' id='word_1_138' title='bbox 760 1773 822 1820; x_wconf 88' lang='lat' dir='ltr'>clam</span> <span class='ocrx_word' id='word_1_139' title='bbox 833 1772 979 1832; x_wconf 79' lang='lat' dir='ltr'>aufugisset,</span> 
     </span>
     <span class='ocr_line' id='line_1_19' title="bbox 229 1841 981 1906; baseline -0.008 -12"><span class='ocrx_word' id='word_1_140' title='bbox 229 1847 280 1896; x_wconf 90' lang='lat' dir='ltr'>sine</span> <span class='ocrx_word' id='word_1_141' title='bbox 296 1846 356 1894; x_wconf 86' lang='lat' dir='ltr'>dure</span> <span class='ocrx_word' id='word_1_142' title='bbox 372 1845 497 1905; x_wconf 91' lang='lat' dir='ltr'>oberrant,</span> <span class='ocrx_word' id='word_1_143' title='bbox 513 1849 537 1893; x_wconf 90' lang='lat' dir='ltr'>et</span> <span class='ocrx_word' id='word_1_144' title='bbox 552 1844 654 1906; x_wconf 91' lang='lat' dir='ltr'>septimo</span> <span class='ocrx_word' id='word_1_145' title='bbox 669 1843 766 1892; x_wconf 69' lang='lat' dir='ltr'>undem</span> <span class='ocrx_word' id='word_1_146' title='bbox 783 1842 822 1891; x_wconf 88' lang='lat' dir='ltr'>dio</span> <span class='ocrx_word' id='word_1_147' title='bbox 838 1841 981 1904; x_wconf 86' lang='lat' dir='ltr'>perveniunt</span> 
     </span>
     <span class='ocr_line' id='line_1_20' title="bbox 229 1913 981 1974; baseline -0.009 -8"><span class='ocrx_word' id='word_1_148' title='bbox 229 1917 259 1966; x_wconf 84' lang='lat' dir='ltr'>ad</span> <span class='ocrx_word' id='word_1_149' title='bbox 272 1917 359 1966; x_wconf 88' lang='lat' dir='ltr'>Phasin</span> <span class='ocrx_word' id='word_1_150' title='bbox 376 1928 481 1964; x_wconf 80' lang='lat' dir='ltr'>oninmu.</span> <span class='ocrx_word' id='word_1_151' title='bbox 515 1913 574 1964; x_wconf 91' lang='lat' dir='ltr'>lude</span> <span class='ocrx_word' id='word_1_152' title='bbox 593 1913 659 1962; x_wconf 91' lang='lat' dir='ltr'>bidui</span> <span class='ocrx_word' id='word_1_153' title='bbox 677 1914 761 1962; x_wconf 90' lang='lat' dir='ltr'>itinere</span> <span class='ocrx_word' id='word_1_154' title='bbox 779 1913 886 1961; x_wconf 86' lang='lat' dir='ltr'>confecto</span> <span class='ocrx_word' id='word_1_155' title='bbox 899 1925 981 1974; x_wconf 83' lang='lat' dir='ltr'>appro</span> 
     </span>
     <span class='ocr_line' id='line_1_21' title="bbox 229 1983 981 2051; baseline -0.005 -17"><span class='ocrx_word' id='word_1_156' title='bbox 229 1989 346 2051; x_wconf 88' lang='lat' dir='ltr'>pinqnant</span> <span class='ocrx_word' id='word_1_157' title='bbox 358 1986 493 2044; x_wconf 88' lang='lat' dir='ltr'>montibus,</span> <span class='ocrx_word' id='word_1_158' title='bbox 504 1999 566 2048; x_wconf 91' lang='lat' dir='ltr'>quos</span> <span class='ocrx_word' id='word_1_159' title='bbox 580 1985 712 2047; x_wconf 86' lang='lat' dir='ltr'>Chalybes,</span> <span class='ocrx_word' id='word_1_160' title='bbox 725 1984 813 2033; x_wconf 88' lang='lat' dir='ltr'>&#39;faocbi</span> <span class='ocrx_word' id='word_1_161' title='bbox 830 1987 855 2032; x_wconf 89' lang='lat' dir='ltr'>et</span> <span class='ocrx_word' id='word_1_162' title='bbox 871 1983 981 2032; x_wconf 89' lang='lat' dir='ltr'>Phasiani</span> 
     </span>
     <span class='ocr_line' id='line_1_22' title="bbox 230 2053 981 2118; baseline -0.009 -11"><span class='ocrx_word' id='word_1_163' title='bbox 230 2059 349 2108; x_wconf 87' lang='lat' dir='ltr'>obsident.</span> <span class='ocrx_word' id='word_1_164' title='bbox 381 2057 456 2118; x_wconf 82' lang='lat' dir='ltr'>Igitur</span> <span class='ocrx_word' id='word_1_165' title='bbox 471 2056 571 2104; x_wconf 84' lang='lat' dir='ltr'>consilio</span> <span class='ocrx_word' id='word_1_166' title='bbox 587 2056 682 2115; x_wconf 86' lang='lat' dir='ltr'>habito,</span> <span class='ocrx_word' id='word_1_167' title='bbox 699 2053 865 2116; x_wconf 82' lang='lat' dir='ltr'>Xenophontis</span> <span class='ocrx_word' id='word_1_168' title='bbox 885 2053 981 2101; x_wconf 87' lang='lat' dir='ltr'>hortatu</span> 
     </span>
     <span class='ocr_line' id='line_1_23' title="bbox 230 2122 981 2186; baseline -0.011 -8"><span class='ocrx_word' id='word_1_169' title='bbox 230 2128 311 2179; x_wconf 87' lang='lat' dir='ltr'>selecti</span> <span class='ocrx_word' id='word_1_170' title='bbox 322 2125 429 2175; x_wconf 89' lang='lat' dir='ltr'>nonnulli</span> <span class='ocrx_word' id='word_1_171' title='bbox 440 2129 512 2174; x_wconf 89' lang='lat' dir='ltr'>noctu</span> <span class='ocrx_word' id='word_1_172' title='bbox 524 2125 653 2173; x_wconf 90' lang='lat' dir='ltr'>mittuntur</span> <span class='ocrx_word' id='word_1_173' title='bbox 667 2124 698 2172; x_wconf 90' lang='lat' dir='ltr'>ad</span> <span class='ocrx_word' id='word_1_174' title='bbox 708 2125 767 2186; x_wconf 77' lang='lat' dir='ltr'>iuga</span> <span class='ocrx_word' id='word_1_175' title='bbox 776 2122 887 2172; x_wconf 86' lang='lat' dir='ltr'>hostibus</span> <span class='ocrx_word' id='word_1_176' title='bbox 903 2135 981 2172; x_wconf 82' lang='lat' dir='ltr'>vaona</span> 
     </span>
     <span class='ocr_line' id='line_1_24' title="bbox 230 2191 979 2256; baseline -0.012 -8"><span class='ocrx_word' id='word_1_177' title='bbox 230 2199 291 2248; x_wconf 90' lang='lat' dir='ltr'>clam</span> <span class='ocrx_word' id='word_1_178' title='bbox 308 2195 463 2256; x_wconf 87' lang='lat' dir='ltr'>occupanda,</span> <span class='ocrx_word' id='word_1_179' title='bbox 478 2197 506 2242; x_wconf 93' lang='lat' dir='ltr'>ut</span> <span class='ocrx_word' id='word_1_180' title='bbox 520 2193 635 2255; x_wconf 84' lang='lat' dir='ltr'>postridie</span> <span class='ocrx_word' id='word_1_181' title='bbox 652 2207 721 2242; x_wconf 79' lang='lat' dir='ltr'>ariane</span> <span class='ocrx_word' id='word_1_182' title='bbox 738 2191 820 2241; x_wconf 84' lang='lat' dir='ltr'>hostes</span> <span class='ocrx_word' id='word_1_183' title='bbox 833 2193 979 2240; x_wconf 84' lang='lat' dir='ltr'>adoriantur.</span> 
     </span>
     <span class='ocr_line' id='line_1_25' title="bbox 230 2263 981 2326; baseline -0.011 -9"><span class='ocrx_word' id='word_1_184' title='bbox 230 2273 284 2326; x_wconf 85' lang='lat' dir='ltr'>Quo</span> <span class='ocrx_word' id='word_1_185' title='bbox 301 2269 364 2316; x_wconf 86' lang='lat' dir='ltr'>facto</span> <span class='ocrx_word' id='word_1_186' title='bbox 382 2265 472 2322; x_wconf 77' lang='lat' dir='ltr'>Graeci,</span> <span class='ocrx_word' id='word_1_187' title='bbox 492 2263 599 2312; x_wconf 84' lang='lat' dir='ltr'>barbana</span> <span class='ocrx_word' id='word_1_188' title='bbox 618 2263 704 2325; x_wconf 92' lang='lat' dir='ltr'>fugatis</span> <span class='ocrx_word' id='word_1_189' title='bbox 724 2266 749 2312; x_wconf 87' lang='lat' dir='ltr'>et</span> <span class='ocrx_word' id='word_1_190' title='bbox 765 2263 892 2312; x_wconf 65' lang='lat' dir='ltr'>‘montmus</span> <span class='ocrx_word' id='word_1_191' title='bbox 912 2277 981 2325; x_wconf 90' lang='lat' dir='ltr'>supe·</span> 
     </span>
     <span class='ocr_line' id='line_1_26' title="bbox 230 2333 982 2398; baseline -0.009 -10"><span class='ocrx_word' id='word_1_192' title='bbox 230 2339 301 2398; x_wconf 89' lang='lat' dir='ltr'>ratis,</span> <span class='ocrx_word' id='word_1_193' title='bbox 313 2336 460 2386; x_wconf 89' lang='lat' dir='ltr'>descendunt</span> <span class='ocrx_word' id='word_1_194' title='bbox 472 2334 496 2382; x_wconf 91' lang='lat' dir='ltr'>in</span> <span class='ocrx_word' id='word_1_195' title='bbox 508 2334 630 2396; x_wconf 85' lang='lat' dir='ltr'>planitiem</span> <span class='ocrx_word' id='word_1_196' title='bbox 645 2339 669 2384; x_wconf 90' lang='lat' dir='ltr'>et</span> <span class='ocrx_word' id='word_1_197' title='bbox 681 2335 705 2383; x_wconf 91' lang='lat' dir='ltr'>in</span> <span class='ocrx_word' id='word_1_198' title='bbox 719 2335 786 2382; x_wconf 85' lang='lat' dir='ltr'>ricus</span> <span class='ocrx_word' id='word_1_199' title='bbox 797 2335 875 2382; x_wconf 89' lang='lat' dir='ltr'>omnis</span> <span class='ocrx_word' id='word_1_200' title='bbox 888 2333 982 2394; x_wconf 88' lang='lat' dir='ltr'>generis</span> 
     </span>
     <span class='ocr_line' id='line_1_27' title="bbox 230 2404 982 2464; baseline -0.008 -7"><span class='ocrx_word' id='word_1_201' title='bbox 230 2409 300 2458; x_wconf 90' lang='lat' dir='ltr'>boriis</span> <span class='ocrx_word' id='word_1_202' title='bbox 311 2407 409 2457; x_wconf 88' lang='lat' dir='ltr'>refertos</span> <span class='ocrx_word' id='word_1_203' title='bbox 424 2404 559 2453; x_wconf 80' lang='lat' dir='ltr'>devertunt.</span> <span class='ocrx_word' id='word_1_204' title='bbox 576 2429 607 2439; x_wconf 89' lang='lat'><em>-</em></span> <span class='ocrx_word' id='word_1_205' title='bbox 623 2407 683 2452; x_wconf 81' lang='lat' dir='ltr'>car.</span> <span class='ocrx_word' id='word_1_206' title='bbox 701 2405 755 2452; x_wconf 87' lang='lat' dir='ltr'>vll.</span> <span class='ocrx_word' id='word_1_207' title='bbox 772 2409 861 2464; x_wconf 79' lang='lat' dir='ltr'>Agrum</span> <span class='ocrx_word' id='word_1_208' title='bbox 878 2404 982 2452; x_wconf 81' lang='lat' dir='ltr'>&#39;faoeho</span> 
     </span>
     <span class='ocr_line' id='line_1_28' title="bbox 230 2473 983 2538; baseline -0.011 -10"><span class='ocrx_word' id='word_1_209' title='bbox 230 2492 299 2537; x_wconf 90' lang='lat' dir='ltr'>rum,</span> <span class='ocrx_word' id='word_1_210' title='bbox 312 2491 326 2525; x_wconf 90' lang='lat' dir='ltr'>a</span> <span class='ocrx_word' id='word_1_211' title='bbox 340 2477 428 2538; x_wconf 91' lang='lat' dir='ltr'>quibus</span> <span class='ocrx_word' id='word_1_212' title='bbox 439 2487 510 2523; x_wconf 90' lang='lat' dir='ltr'>omne</span> <span class='ocrx_word' id='word_1_213' title='bbox 520 2474 667 2522; x_wconf 89' lang='lat' dir='ltr'>frumentum</span> <span class='ocrx_word' id='word_1_214' title='bbox 678 2473 703 2521; x_wconf 92' lang='lat' dir='ltr'>in</span> <span class='ocrx_word' id='word_1_215' title='bbox 714 2474 765 2522; x_wconf 78' lang='lat' dir='ltr'>lora</span> <span class='ocrx_word' id='word_1_216' title='bbox 776 2473 869 2521; x_wconf 86' lang='lat' dir='ltr'>munita</span> <span class='ocrx_word' id='word_1_217' title='bbox 878 2484 983 2534; x_wconf 86' lang='lat' dir='ltr'>compor-</span> 
     </span>
     <span class='ocr_line' id='line_1_29' title="bbox 231 2542 982 2606; baseline -0.009 -10"><span class='ocrx_word' id='word_1_218' title='bbox 231 2549 308 2596; x_wconf 82' lang='lat' dir='ltr'>tatum</span> <span class='ocrx_word' id='word_1_219' title='bbox 315 2551 375 2606; x_wconf 90' lang='lat' dir='ltr'>erat,</span> <span class='ocrx_word' id='word_1_220' title='bbox 386 2544 486 2606; x_wconf 87' lang='lat' dir='ltr'>ingressi</span> <span class='ocrx_word' id='word_1_221' title='bbox 499 2543 578 2605; x_wconf 87' lang='lat' dir='ltr'>inopis</span> <span class='ocrx_word' id='word_1_222' title='bbox 587 2543 735 2590; x_wconf 80' lang='lat' dir='ltr'>cornmeatus</span> <span class='ocrx_word' id='word_1_223' title='bbox 742 2542 849 2590; x_wconf 87' lang='lat' dir='ltr'>laborare</span> <span class='ocrx_word' id='word_1_224' title='bbox 858 2544 982 2604; x_wconf 78' lang='lat' dir='ltr'>cmpemnt</span> 
     </span>
     <span class='ocr_line' id='line_1_30' title="bbox 231 2610 982 2675; baseline -0.009 -9"><span class='ocrx_word' id='word_1_225' title='bbox 231 2617 323 2675; x_wconf 71' lang='lat' dir='ltr'>Graeci,</span> <span class='ocrx_word' id='word_1_226' title='bbox 337 2617 413 2664; x_wconf 88' lang='lat' dir='ltr'>donec</span> <span class='ocrx_word' id='word_1_227' title='bbox 424 2613 522 2662; x_wconf 84' lang='lat' dir='ltr'>landem</span> <span class='ocrx_word' id='word_1_228' title='bbox 534 2617 558 2660; x_wconf 89' lang='lat' dir='ltr'>et</span> <span class='ocrx_word' id='word_1_229' title='bbox 569 2611 734 2674; x_wconf 82' lang='lat' dir='ltr'>xenophontis</span> <span class='ocrx_word' id='word_1_230' title='bbox 745 2611 846 2660; x_wconf 90' lang='lat' dir='ltr'>consilio</span> <span class='ocrx_word' id='word_1_231' title='bbox 857 2614 881 2658; x_wconf 91' lang='lat' dir='ltr'>et</span> <span class='ocrx_word' id='word_1_232' title='bbox 893 2610 982 2659; x_wconf 79' lang='lat' dir='ltr'>virtute</span> 
     </span>
     <span class='ocr_line' id='line_1_31' title="bbox 232 2681 982 2744; baseline -0.008 -8"><span class='ocrx_word' id='word_1_233' title='bbox 232 2687 400 2736; x_wconf 90' lang='lat' dir='ltr'>nonnullorum</span> <span class='ocrx_word' id='word_1_234' title='bbox 412 2685 517 2733; x_wconf 88' lang='lat' dir='ltr'>militum</span> <span class='ocrx_word' id='word_1_235' title='bbox 527 2682 652 2730; x_wconf 90' lang='lat' dir='ltr'>castellum</span> <span class='ocrx_word' id='word_1_236' title='bbox 666 2687 801 2744; x_wconf 82' lang='lat' dir='ltr'>expugnant</span> <span class='ocrx_word' id='word_1_237' title='bbox 813 2685 837 2729; x_wconf 90' lang='lat' dir='ltr'>et</span> <span class='ocrx_word' id='word_1_238' title='bbox 848 2693 934 2742; x_wconf 88' lang='lat' dir='ltr'>magua</span> <span class='ocrx_word' id='word_1_239' title='bbox 949 2681 982 2730; x_wconf 91' lang='lat' dir='ltr'>ibi</span> 
     </span>
     <span class='ocr_line' id='line_1_32' title="bbox 232 2751 983 2820; baseline -0.008 -14"><span class='ocrx_word' id='word_1_240' title='bbox 232 2770 345 2820; x_wconf 87' lang='lat' dir='ltr'>pecorum</span> <span class='ocrx_word' id='word_1_241' title='bbox 359 2753 513 2804; x_wconf 89' lang='lat' dir='ltr'>multitudine</span> <span class='ocrx_word' id='word_1_242' title='bbox 527 2753 659 2815; x_wconf 90' lang='lat' dir='ltr'>potiuntur.</span> <span class='ocrx_word' id='word_1_243' title='bbox 694 2751 736 2800; x_wconf 88' lang='lat' dir='ltr'>llis</span> <span class='ocrx_word' id='word_1_244' title='bbox 748 2751 806 2800; x_wconf 89' lang='lat' dir='ltr'>solis</span> <span class='ocrx_word' id='word_1_245' title='bbox 819 2751 891 2799; x_wconf 80' lang='lat' dir='ltr'>alitru</span> <span class='ocrx_word' id='word_1_246' title='bbox 905 2763 983 2800; x_wconf 84' lang='lat' dir='ltr'>neces</span> 
     </span>
     <span class='ocr_line' id='line_1_33' title="bbox 232 2820 983 2886; baseline -0.009 -11"><span class='ocrx_word' id='word_1_247' title='bbox 232 2826 295 2875; x_wconf 89' lang='lat' dir='ltr'>sario</span> <span class='ocrx_word' id='word_1_248' title='bbox 311 2823 430 2874; x_wconf 85' lang='lat' dir='ltr'>exercitus</span> <span class='ocrx_word' id='word_1_249' title='bbox 441 2837 484 2886; x_wconf 92' lang='lat' dir='ltr'>per</span> <span class='ocrx_word' id='word_1_250' title='bbox 503 2826 595 2883; x_wconf 88' lang='lat' dir='ltr'>septem</span> <span class='ocrx_word' id='word_1_251' title='bbox 611 2820 677 2881; x_wconf 89' lang='lat' dir='ltr'>dies,</span> <span class='ocrx_word' id='word_1_252' title='bbox 694 2821 781 2882; x_wconf 90' lang='lat' dir='ltr'>quibus</span> <span class='ocrx_word' id='word_1_253' title='bbox 796 2833 880 2882; x_wconf 89' lang='lat' dir='ltr'>agrum</span> <span class='ocrx_word' id='word_1_254' title='bbox 897 2821 983 2882; x_wconf 83' lang='lat' dir='ltr'>Chaly-</span> 
     </span>
     <span class='ocr_line' id='line_1_34' title="bbox 233 2889 983 2956; baseline -0.008 -12"><span class='ocrx_word' id='word_1_255' title='bbox 233 2895 305 2956; x_wconf 90' lang='lat' dir='ltr'>bum,</span> <span class='ocrx_word' id='word_1_256' title='bbox 325 2895 366 2956; x_wconf 94' lang='lat' dir='ltr'>qui</span> <span class='ocrx_word' id='word_1_257' title='bbox 389 2893 497 2942; x_wconf 80' lang='lat' dir='ltr'>omilium</span> <span class='ocrx_word' id='word_1_258' title='bbox 523 2891 681 2940; x_wconf 90' lang='lat' dir='ltr'>harbarorum</span> <span class='ocrx_word' id='word_1_259' title='bbox 705 2889 827 2940; x_wconf 85' lang='lat' dir='ltr'>fortissimi</span> <span class='ocrx_word' id='word_1_260' title='bbox 846 2890 983 2950; x_wconf 86' lang='lat' dir='ltr'>laudantur,</span> 
     </span>
     <span class='ocr_line' id='line_1_35' title="bbox 232 2961 984 3029; baseline -0.005 -14"><span class='ocrx_word' id='word_1_261' title='bbox 232 2969 350 3029; x_wconf 79' lang='lat' dir='ltr'>peragrat.</span> <span class='ocrx_word' id='word_1_262' title='bbox 382 2963 441 3015; x_wconf 90' lang='lat' dir='ltr'>Inde</span> <span class='ocrx_word' id='word_1_263' title='bbox 461 2961 580 3025; x_wconf 83' lang='lat' dir='ltr'>progressi</span> <span class='ocrx_word' id='word_1_264' title='bbox 595 2962 624 3011; x_wconf 89' lang='lat' dir='ltr'>ad</span> <span class='ocrx_word' id='word_1_265' title='bbox 643 2963 778 3024; x_wconf 84' lang='lat' dir='ltr'>Harpasum</span> <span class='ocrx_word' id='word_1_266' title='bbox 794 2973 888 3011; x_wconf 81' lang='lat' dir='ltr'>earnem</span> <span class='ocrx_word' id='word_1_267' title='bbox 902 2976 984 3023; x_wconf 86' lang='lat' dir='ltr'>perre-</span> 
     </span>
     <span class='ocr_line' id='line_1_36' title="bbox 232 3031 983 3097; baseline -0.005 -12"><span class='ocrx_word' id='word_1_268' title='bbox 232 3037 315 3097; x_wconf 89' lang='lat' dir='ltr'>aiunt;</span> <span class='ocrx_word' id='word_1_269' title='bbox 327 3040 364 3095; x_wconf 87' lang='lat' dir='ltr'>et,</span> <span class='ocrx_word' id='word_1_270' title='bbox 380 3034 463 3082; x_wconf 91' lang='lat' dir='ltr'>itinere</span> <span class='ocrx_word' id='word_1_271' title='bbox 479 3031 600 3093; x_wconf 86' lang='lat' dir='ltr'>quatridui</span> <span class='ocrx_word' id='word_1_272' title='bbox 612 3046 654 3094; x_wconf 91' lang='lat' dir='ltr'>per</span> <span class='ocrx_word' id='word_1_273' title='bbox 672 3032 840 3092; x_wconf 85' lang='lat' dir='ltr'>Scythicorum</span> <span class='ocrx_word' id='word_1_274' title='bbox 857 3031 916 3081; x_wconf 88' lang='lat' dir='ltr'>fines</span> <span class='ocrx_word' id='word_1_275' title='bbox 930 3045 983 3081; x_wconf 93' lang='lat' dir='ltr'>con·</span> 
     </span>
     <span class='ocr_line' id='line_1_37' title="bbox 233 3100 985 3166; baseline -0.007 -11"><span class='ocrx_word' id='word_1_276' title='bbox 233 3106 309 3166; x_wconf 84' lang='lat' dir='ltr'>fecto,</span> <span class='ocrx_word' id='word_1_277' title='bbox 326 3105 350 3153; x_wconf 93' lang='lat' dir='ltr'>in</span> <span class='ocrx_word' id='word_1_278' title='bbox 370 3104 431 3152; x_wconf 84' lang='lat' dir='ltr'>riois</span> <span class='ocrx_word' id='word_1_279' title='bbox 446 3100 554 3151; x_wconf 74' lang='lat' dir='ltr'>miluum</span> <span class='ocrx_word' id='word_1_280' title='bbox 570 3106 717 3150; x_wconf 90' lang='lat' dir='ltr'>commeatus</span> <span class='ocrx_word' id='word_1_281' title='bbox 739 3100 892 3163; x_wconf 89' lang='lat' dir='ltr'>comparandi</span> <span class='ocrx_word' id='word_1_282' title='bbox 912 3114 985 3151; x_wconf 90' lang='lat' dir='ltr'>causa</span> 
     </span>
     <span class='ocr_line' id='line_1_38' title="bbox 231 3170 985 3233; baseline -0.008 -8"><span class='ocrx_word' id='word_1_283' title='bbox 231 3178 419 3225; x_wconf 78' lang='lat' dir='ltr'>comnmrantnr.</span> <span class='ocrx_word' id='word_1_284' title='bbox 452 3170 985 3233; x_wconf 87' lang='lat' dir='ltr'>Hincposlqnatuordierumiterperreniunt</span> 
     </span>
     <span class='ocr_line' id='line_1_39' title="bbox 234 3240 985 3307; baseline -0.008 -11"><span class='ocrx_word' id='word_1_285' title='bbox 234 3246 362 3307; x_wconf 88' lang='lat' dir='ltr'>Gymniam</span> <span class='ocrx_word' id='word_1_286' title='bbox 378 3242 463 3291; x_wconf 91' lang='lat' dir='ltr'>urbem</span> <span class='ocrx_word' id='word_1_287' title='bbox 480 3242 626 3303; x_wconf 89' lang='lat' dir='ltr'>opulentam.</span> <span class='ocrx_word' id='word_1_288' title='bbox 659 3242 705 3290; x_wconf 88' lang='lat' dir='ltr'>llic</span> <span class='ocrx_word' id='word_1_289' title='bbox 722 3240 781 3302; x_wconf 92' lang='lat' dir='ltr'>ipsis</span> <span class='ocrx_word' id='word_1_290' title='bbox 800 3242 903 3302; x_wconf 87' lang='lat' dir='ltr'>regionis</span> <span class='ocrx_word' id='word_1_291' title='bbox 924 3255 985 3303; x_wconf 76' lang='lat' dir='ltr'>prae·</span> 
     </span>
     <span class='ocr_line' id='line_1_40' title="bbox 234 3312 984 3374; baseline -0.005 -8"><span class='ocrx_word' id='word_1_292' title='bbox 234 3316 311 3366; x_wconf 87' lang='lat' dir='ltr'>fectus</span> <span class='ocrx_word' id='word_1_293' title='bbox 323 3316 409 3365; x_wconf 84' lang='lat' dir='ltr'>ducem</span> <span class='ocrx_word' id='word_1_294' title='bbox 418 3312 465 3361; x_wconf 79' lang='lat' dir='ltr'>riae</span> <span class='ocrx_word' id='word_1_295' title='bbox 478 3312 564 3374; x_wconf 90' lang='lat' dir='ltr'>mittit,</span> <span class='ocrx_word' id='word_1_296' title='bbox 575 3312 616 3373; x_wconf 91' lang='lat' dir='ltr'>qui</span> <span class='ocrx_word' id='word_1_297' title='bbox 624 3313 720 3361; x_wconf 78' lang='lat' dir='ltr'>Graecos</span> <span class='ocrx_word' id='word_1_298' title='bbox 726 3312 772 3360; x_wconf 90' lang='lat' dir='ltr'>iter</span> <span class='ocrx_word' id='word_1_299' title='bbox 778 3312 884 3374; x_wconf 87' lang='lat' dir='ltr'>quinque</span> <span class='ocrx_word' id='word_1_300' title='bbox 891 3312 984 3362; x_wconf 73' lang='lat' dir='ltr'>dimum</span> 
     </span>
     <span class='ocr_line' id='line_1_41' title="bbox 234 3382 985 3443; baseline -0.008 -7"><span class='ocrx_word' id='word_1_301' title='bbox 234 3398 346 3436; x_wconf 86' lang='lat' dir='ltr'>emensos</span> <span class='ocrx_word' id='word_1_302' title='bbox 360 3384 427 3433; x_wconf 89' lang='lat' dir='ltr'>ducit</span> <span class='ocrx_word' id='word_1_303' title='bbox 438 3382 462 3431; x_wconf 92' lang='lat' dir='ltr'>in</span> <span class='ocrx_word' id='word_1_304' title='bbox 473 3382 569 3432; x_wconf 87' lang='lat' dir='ltr'>Tecben</span> <span class='ocrx_word' id='word_1_305' title='bbox 583 3386 702 3441; x_wconf 89' lang='lat' dir='ltr'>montem,</span> <span class='ocrx_word' id='word_1_306' title='bbox 715 3395 745 3429; x_wconf 83' lang='lat' dir='ltr'>ex</span> <span class='ocrx_word' id='word_1_307' title='bbox 756 3394 805 3443; x_wconf 91' lang='lat' dir='ltr'>quo</span> <span class='ocrx_word' id='word_1_308' title='bbox 821 3394 916 3429; x_wconf 87' lang='lat' dir='ltr'>summa</span> <span class='ocrx_word' id='word_1_309' title='bbox 929 3396 985 3430; x_wconf 90' lang='lat' dir='ltr'>cum</span> 
     </span>
     <span class='ocr_line' id='line_1_42' title="bbox 234 3450 985 3516; baseline -0.005 -10"><span class='ocrx_word' id='word_1_310' title='bbox 234 3456 318 3506; x_wconf 77' lang='lat' dir='ltr'>laetitia</span> <span class='ocrx_word' id='word_1_311' title='bbox 332 3468 397 3503; x_wconf 90' lang='lat' dir='ltr'>mare</span> <span class='ocrx_word' id='word_1_312' title='bbox 411 3457 572 3516; x_wconf 87' lang='lat' dir='ltr'>prospectant.</span> <span class='ocrx_word' id='word_1_313' title='bbox 606 3455 686 3509; x_wconf 86' lang='lat' dir='ltr'>Quare</span> <span class='ocrx_word' id='word_1_314' title='bbox 694 3450 734 3500; x_wconf 93' lang='lat' dir='ltr'>ille</span> <span class='ocrx_word' id='word_1_315' title='bbox 744 3450 793 3499; x_wconf 84' lang='lat' dir='ltr'>dux</span> <span class='ocrx_word' id='word_1_316' title='bbox 805 3452 888 3501; x_wconf 89' lang='lat' dir='ltr'>multis</span> <span class='ocrx_word' id='word_1_317' title='bbox 904 3464 985 3503; x_wconf 93' lang='lat' dir='ltr'>mnne·</span> 
     </span>
     <span class='ocr_line' id='line_1_43' title="bbox 236 3521 986 3585; baseline -0.005 -10"><span class='ocrx_word' id='word_1_318' title='bbox 236 3528 302 3577; x_wconf 82' lang='lat' dir='ltr'>ribm</span> <span class='ocrx_word' id='word_1_319' title='bbox 313 3526 416 3574; x_wconf 91' lang='lat' dir='ltr'>donatus</span> <span class='ocrx_word' id='word_1_320' title='bbox 430 3523 559 3573; x_wconf 84' lang='lat' dir='ltr'>remittitur</span> <span class='ocrx_word' id='word_1_321' title='bbox 577 3521 685 3570; x_wconf 89' lang='lat' dir='ltr'>doraum.</span> <span class='ocrx_word' id='word_1_322' title='bbox 702 3548 733 3557; x_wconf 89' lang='lat'><em>-</em></span> <span class='ocrx_word' id='word_1_323' title='bbox 752 3525 812 3570; x_wconf 82' lang='lat' dir='ltr'>Gar.</span> <span class='ocrx_word' id='word_1_324' title='bbox 834 3525 901 3570; x_wconf 76' lang='lat' dir='ltr'>vrri.</span> <span class='ocrx_word' id='word_1_325' title='bbox 923 3529 986 3585; x_wconf 79' lang='lat' dir='ltr'>agro</span> 
     </span>
     <span class='ocr_line' id='line_1_44' title="bbox 235 3590 987 3656; baseline -0.005 -10"><span class='ocrx_word' id='word_1_326' title='bbox 235 3600 386 3655; x_wconf 69' lang='lat' dir='ltr'>mucronum,</span> <span class='ocrx_word' id='word_1_327' title='bbox 397 3594 542 3655; x_wconf 86' lang='lat' dir='ltr'>quibuscum</span> <span class='ocrx_word' id='word_1_328' title='bbox 552 3592 629 3641; x_wconf 76' lang='lat' dir='ltr'>faedus</span> <span class='ocrx_word' id='word_1_329' title='bbox 642 3590 744 3652; x_wconf 89' lang='lat' dir='ltr'>faciunt,</span> <span class='ocrx_word' id='word_1_330' title='bbox 756 3590 818 3639; x_wconf 86' lang='lat' dir='ltr'>iutra</span> <span class='ocrx_word' id='word_1_331' title='bbox 825 3604 866 3641; x_wconf 83' lang='lat' dir='ltr'>sex</span> <span class='ocrx_word' id='word_1_332' title='bbox 877 3592 927 3642; x_wconf 87' lang='lat' dir='ltr'>dies</span> <span class='ocrx_word' id='word_1_333' title='bbox 937 3608 987 3656; x_wconf 91' lang='lat' dir='ltr'>per-</span> 
     </span>
     <span class='ocr_line' id='line_1_45' title="bbox 236 3661 986 3729; baseline -0.003 -14"><span class='ocrx_word' id='word_1_334' title='bbox 236 3670 331 3729; x_wconf 82' lang='lat' dir='ltr'>agrato,</span> <span class='ocrx_word' id='word_1_335' title='bbox 349 3664 379 3713; x_wconf 89' lang='lat' dir='ltr'>ad</span> <span class='ocrx_word' id='word_1_336' title='bbox 391 3664 538 3714; x_wconf 81' lang='lat' dir='ltr'>colchorum</span> <span class='ocrx_word' id='word_1_337' title='bbox 550 3668 643 3711; x_wconf 89' lang='lat' dir='ltr'>montes</span> <span class='ocrx_word' id='word_1_338' title='bbox 659 3661 805 3722; x_wconf 87' lang='lat' dir='ltr'>adveniunt,</span> <span class='ocrx_word' id='word_1_339' title='bbox 819 3661 861 3711; x_wconf 90' lang='lat' dir='ltr'>ubi</span> <span class='ocrx_word' id='word_1_340' title='bbox 870 3662 986 3713; x_wconf 88' lang='lat' dir='ltr'>barbaros</span> 
     </span>
     <span class='ocr_line' id='line_1_46' title="bbox 236 3730 988 3794; baseline -0.001 -11"><span class='ocrx_word' id='word_1_341' title='bbox 236 3730 508 3783; x_wconf 88' lang='lat' dir='ltr'>instructosoffendunt.</span> <span class='ocrx_word' id='word_1_342' title='bbox 542 3732 586 3781; x_wconf 89' lang='lat' dir='ltr'>llis</span> <span class='ocrx_word' id='word_1_343' title='bbox 605 3743 661 3781; x_wconf 88' lang='lat' dir='ltr'>vero</span> <span class='ocrx_word' id='word_1_344' title='bbox 673 3730 723 3780; x_wconf 90' lang='lat' dir='ltr'>acie</span> <span class='ocrx_word' id='word_1_345' title='bbox 732 3730 804 3779; x_wconf 88' lang='lat' dir='ltr'>rictis</span> <span class='ocrx_word' id='word_1_346' title='bbox 814 3744 842 3779; x_wconf 88' lang='lat' dir='ltr'>ac</span> <span class='ocrx_word' id='word_1_347' title='bbox 852 3732 950 3794; x_wconf 89' lang='lat' dir='ltr'>fugatis,</span> <span class='ocrx_word' id='word_1_348' title='bbox 962 3734 988 3782; x_wconf 92' lang='lat' dir='ltr'>in</span> 
     </span>
     <span class='ocr_line' id='line_1_47' title="bbox 237 3800 986 3867; baseline 0 -14"><span class='ocrx_word' id='word_1_349' title='bbox 237 3804 304 3853; x_wconf 84' lang='lat' dir='ltr'>viros</span> <span class='ocrx_word' id='word_1_350' title='bbox 312 3802 377 3853; x_wconf 83' lang='lat' dir='ltr'>oanni</span> <span class='ocrx_word' id='word_1_351' title='bbox 390 3814 470 3851; x_wconf 92' lang='lat' dir='ltr'>rerum</span> <span class='ocrx_word' id='word_1_352' title='bbox 481 3814 567 3863; x_wconf 92' lang='lat' dir='ltr'>genere</span> <span class='ocrx_word' id='word_1_353' title='bbox 576 3800 676 3853; x_wconf 84' lang='lat' dir='ltr'>refertos</span> <span class='ocrx_word' id='word_1_354' title='bbox 687 3800 852 3860; x_wconf 81' lang='lat' dir='ltr'>descendunt3</span> <span class='ocrx_word' id='word_1_355' title='bbox 862 3806 934 3866; x_wconf 86' lang='lat' dir='ltr'>atque</span> <span class='ocrx_word' id='word_1_356' title='bbox 945 3804 986 3867; x_wconf 90' lang='lat' dir='ltr'>qui</span> 
     </span>
     <span class='ocr_line' id='line_1_48' title="bbox 237 3870 988 3937; baseline -0.003 -12"><span class='ocrx_word' id='word_1_357' title='bbox 237 3875 284 3925; x_wconf 88' lang='lat' dir='ltr'>mel</span> <span class='ocrx_word' id='word_1_358' title='bbox 294 3872 414 3936; x_wconf 85' lang='lat' dir='ltr'>quoddam</span> <span class='ocrx_word' id='word_1_359' title='bbox 425 3872 457 3921; x_wconf 93' lang='lat' dir='ltr'>ibi</span> <span class='ocrx_word' id='word_1_360' title='bbox 466 3874 633 3933; x_wconf 82' lang='lat' dir='ltr'>gustaverant,</span> <span class='ocrx_word' id='word_1_361' title='bbox 646 3871 671 3919; x_wconf 95' lang='lat' dir='ltr'>hi</span> <span class='ocrx_word' id='word_1_362' title='bbox 685 3884 727 3933; x_wconf 87' lang='lat' dir='ltr'>per</span> <span class='ocrx_word' id='word_1_363' title='bbox 736 3870 885 3933; x_wconf 88' lang='lat' dir='ltr'>aliquantum</span> <span class='ocrx_word' id='word_1_364' title='bbox 899 3880 988 3937; x_wconf 82' lang='lat' dir='ltr'>tempo</span> 
     </span>
     <span class='ocr_line' id='line_1_49' title="bbox 237 3940 988 4007; baseline -0.001 -13"><span class='ocrx_word' id='word_1_365' title='bbox 237 3946 271 3994; x_wconf 90' lang='lat' dir='ltr'>ris</span> <span class='ocrx_word' id='word_1_366' title='bbox 295 3948 376 3993; x_wconf 84' lang='lat' dir='ltr'>niente</span> <span class='ocrx_word' id='word_1_367' title='bbox 396 3942 537 4005; x_wconf 79' lang='lat' dir='ltr'>ramusque</span> <span class='ocrx_word' id='word_1_368' title='bbox 557 3940 730 3991; x_wconf 85' lang='lat' dir='ltr'>destituuntur.</span> <span class='ocrx_word' id='word_1_369' title='bbox 763 3940 823 3990; x_wconf 90' lang='lat' dir='ltr'>lnde</span> <span class='ocrx_word' id='word_1_370' title='bbox 838 3942 912 3992; x_wconf 91' lang='lat' dir='ltr'>biduo</span> <span class='ocrx_word' id='word_1_371' title='bbox 934 3950 988 4007; x_wconf 89' lang='lat' dir='ltr'>post</span> 
     </span>
     <span class='ocr_line' id='line_1_50' title="bbox 238 4010 988 4073; baseline -0.003 -10"><span class='ocrx_word' id='word_1_372' title='bbox 238 4014 335 4063; x_wconf 88' lang='lat' dir='ltr'>tandem</span> <span class='ocrx_word' id='word_1_373' title='bbox 347 4012 377 4061; x_wconf 90' lang='lat' dir='ltr'>ad</span> <span class='ocrx_word' id='word_1_374' title='bbox 390 4024 456 4060; x_wconf 89' lang='lat' dir='ltr'>mare</span> <span class='ocrx_word' id='word_1_375' title='bbox 472 4017 497 4062; x_wconf 90' lang='lat' dir='ltr'>et</span> <span class='ocrx_word' id='word_1_376' title='bbox 508 4015 684 4073; x_wconf 82' lang='lat' dir='ltr'>&#39;frapezrmtem</span> <span class='ocrx_word' id='word_1_377' title='bbox 701 4010 785 4059; x_wconf 88' lang='lat' dir='ltr'>urbem</span> <span class='ocrx_word' id='word_1_378' title='bbox 797 4013 937 4060; x_wconf 79' lang='lat' dir='ltr'>Graecorum</span> <span class='ocrx_word' id='word_1_379' title='bbox 948 4012 988 4062; x_wconf 78' lang='lat' dir='ltr'>de</span> 
     </span>
     <span class='ocr_line' id='line_1_51' title="bbox 238 4080 988 4142; baseline -0.001 -10"><span class='ocrx_word' id='word_1_380' title='bbox 238 4083 362 4131; x_wconf 80' lang='lat' dir='ltr'>soeudnm.</span> <span class='ocrx_word' id='word_1_381' title='bbox 397 4081 443 4129; x_wconf 92' lang='lat' dir='ltr'>llic</span> <span class='ocrx_word' id='word_1_382' title='bbox 453 4081 516 4129; x_wconf 90' lang='lat' dir='ltr'>intra</span> <span class='ocrx_word' id='word_1_383' title='bbox 525 4080 621 4141; x_wconf 88' lang='lat' dir='ltr'>triginta</span> <span class='ocrx_word' id='word_1_384' title='bbox 629 4081 724 4130; x_wconf 88' lang='lat' dir='ltr'>dierum</span> <span class='ocrx_word' id='word_1_385' title='bbox 737 4081 839 4142; x_wconf 90' lang='lat' dir='ltr'>spatium</span> <span class='ocrx_word' id='word_1_386' title='bbox 849 4092 879 4129; x_wconf 82' lang='lat' dir='ltr'>ex</span> <span class='ocrx_word' id='word_1_387' title='bbox 889 4082 988 4131; x_wconf 77' lang='lat' dir='ltr'>(folebo-</span> 
     </span>
     <span class='ocr_line' id='line_1_52' title="bbox 238 4149 987 4215; baseline -0.001 -13"><span class='ocrx_word' id='word_1_388' title='bbox 238 4166 291 4203; x_wconf 88' lang='lat' dir='ltr'>rum</span> <span class='ocrx_word' id='word_1_389' title='bbox 304 4164 361 4215; x_wconf 82' lang='lat' dir='ltr'>agrp</span> <span class='ocrx_word' id='word_1_390' title='bbox 371 4151 465 4213; x_wconf 84' lang='lat' dir='ltr'>praedas</span> <span class='ocrx_word' id='word_1_391' title='bbox 477 4156 563 4212; x_wconf 87' lang='lat' dir='ltr'>agunt,</span> <span class='ocrx_word' id='word_1_392' title='bbox 576 4152 650 4200; x_wconf 86' lang='lat' dir='ltr'>sacris</span> <span class='ocrx_word' id='word_1_393' title='bbox 661 4149 779 4199; x_wconf 87' lang='lat' dir='ltr'>faciundis</span> <span class='ocrx_word' id='word_1_394' title='bbox 790 4154 847 4199; x_wconf 87' lang='lat' dir='ltr'>rota</span> <span class='ocrx_word' id='word_1_395' title='bbox 857 4152 915 4200; x_wconf 90' lang='lat' dir='ltr'>olim</span> <span class='ocrx_word' id='word_1_396' title='bbox 928 4166 987 4201; x_wconf 93' lang='lat' dir='ltr'>nnn·</span> 
     </span>
     <span class='ocr_line' id='line_1_53' title="bbox 238 4219 894 4285; baseline -0.005 -14"><span class='ocrx_word' id='word_1_397' title='bbox 238 4227 324 4285; x_wconf 88' lang='lat' dir='ltr'>eupata</span> <span class='ocrx_word' id='word_1_398' title='bbox 335 4222 388 4271; x_wconf 88' lang='lat' dir='ltr'>Diis</span> <span class='ocrx_word' id='word_1_399' title='bbox 399 4221 508 4281; x_wconf 85' lang='lat' dir='ltr'>solvant,</span> <span class='ocrx_word' id='word_1_400' title='bbox 518 4225 542 4270; x_wconf 92' lang='lat' dir='ltr'>et</span> <span class='ocrx_word' id='word_1_401' title='bbox 552 4219 623 4270; x_wconf 90' lang='lat' dir='ltr'>ludos</span> <span class='ocrx_word' id='word_1_402' title='bbox 632 4221 754 4281; x_wconf 89' lang='lat' dir='ltr'>gymnicos</span> <span class='ocrx_word' id='word_1_403' title='bbox 766 4219 894 4269; x_wconf 88' lang='lat' dir='ltr'>celebrant.</span> 
     </span>
    </p>
   </div>
   <div class='ocr_carea' id='block_1_5' title="bbox 511 4353 684 4415">
    <p class='ocr_par' dir='ltr' id='par_1_5' title="bbox 511 4353 684 4415">
     <span class='ocr_line' id='line_1_54' title="bbox 511 4353 684 4415; baseline -0.006 -1"><span class='ocrx_word' id='word_1_404' title='bbox 511 4353 628 4415; x_wconf 86' lang='lat' dir='ltr'>LIBER</span> <span class='ocrx_word' id='word_1_405' title='bbox 648 4354 684 4414; x_wconf 89' lang='lat' dir='ltr'>V.</span> 
     </span>
    </p>
   </div>
   <div class='ocr_carea' id='block_1_6' title="bbox 210 4490 991 4904">
    <p class='ocr_par' dir='ltr' id='par_1_6' title="bbox 210 4490 991 4904">
     <span class='ocr_line' id='line_1_55' title="bbox 210 4490 990 4557; baseline -0.006 -8"><span class='ocrx_word' id='word_1_406' title='bbox 210 4500 292 4549; x_wconf 79' lang='lat' dir='ltr'>canor</span> <span class='ocrx_word' id='word_1_407' title='bbox 307 4496 327 4545; x_wconf 89' lang='lat'>1.</span> <span class='ocrx_word' id='word_1_408' title='bbox 340 4494 402 4544; x_wconf 78' lang='lat' dir='ltr'>Cum</span> <span class='ocrx_word' id='word_1_409' title='bbox 417 4493 447 4545; x_wconf 92' lang='lat' dir='ltr'>de</span> <span class='ocrx_word' id='word_1_410' title='bbox 464 4490 555 4557; x_wconf 89' lang='lat' dir='ltr'>reliquo</span> <span class='ocrx_word' id='word_1_411' title='bbox 572 4492 656 4542; x_wconf 89' lang='lat' dir='ltr'>itinere</span> <span class='ocrx_word' id='word_1_412' title='bbox 672 4493 836 4556; x_wconf 70' lang='lat' dir='ltr'>consultatury</span> <span class='ocrx_word' id='word_1_413' title='bbox 848 4494 990 4544; x_wconf 78' lang='lat' dir='ltr'>hnhleontis</span> 
     </span>
     <span class='ocr_line' id='line_1_56' title="bbox 241 4562 988 4625; baseline 0 -10"><span class='ocrx_word' id='word_1_414' title='bbox 241 4565 383 4615; x_wconf 87' lang='lat' dir='ltr'>sententiam</span> <span class='ocrx_word' id='word_1_415' title='bbox 406 4564 437 4613; x_wconf 92' lang='lat' dir='ltr'>de</span> <span class='ocrx_word' id='word_1_416' title='bbox 462 4564 546 4613; x_wconf 90' lang='lat' dir='ltr'>itinere</span> <span class='ocrx_word' id='word_1_417' title='bbox 571 4562 691 4613; x_wconf 88' lang='lat' dir='ltr'>maritimo</span> <span class='ocrx_word' id='word_1_418' title='bbox 717 4564 874 4625; x_wconf 90' lang='lat' dir='ltr'>comprobant</span> <span class='ocrx_word' id='word_1_419' title='bbox 896 4578 988 4615; x_wconf 89' lang='lat' dir='ltr'>onmes.</span> 
     </span>
     <span class='ocr_line' id='line_1_57' title="bbox 240 4633 990 4698; baseline -0.004 -12"><span class='ocrx_word' id='word_1_420' title='bbox 240 4635 425 4698; x_wconf 86' lang='lat' dir='ltr'>Ergoadnares</span> <span class='ocrx_word' id='word_1_421' title='bbox 433 4633 606 4695; x_wconf 86' lang='lat' dir='ltr'>conquirendas</span> <span class='ocrx_word' id='word_1_422' title='bbox 616 4633 718 4683; x_wconf 87' lang='lat' dir='ltr'>mittitur</span> <span class='ocrx_word' id='word_1_423' title='bbox 728 4633 892 4695; x_wconf 86' lang='lat' dir='ltr'>chirisophus.</span> <span class='ocrx_word' id='word_1_424' title='bbox 926 4639 990 4685; x_wconf 83' lang='lat' dir='ltr'>Tum</span> 
     </span>
     <span class='ocr_line' id='line_1_58' title="bbox 240 4701 991 4768; baseline -0.003 -12"><span class='ocrx_word' id='word_1_425' title='bbox 240 4705 386 4768; x_wconf 81' lang='lat' dir='ltr'>Xenophon,</span> <span class='ocrx_word' id='word_1_426' title='bbox 399 4702 457 4766; x_wconf 91' lang='lat' dir='ltr'>quid</span> <span class='ocrx_word' id='word_1_427' title='bbox 467 4703 561 4752; x_wconf 87' lang='lat' dir='ltr'>interim</span> <span class='ocrx_word' id='word_1_428' title='bbox 576 4704 607 4752; x_wconf 89' lang='lat' dir='ltr'>sit</span> <span class='ocrx_word' id='word_1_429' title='bbox 616 4702 766 4763; x_wconf 89' lang='lat' dir='ltr'>faciendum,</span> <span class='ocrx_word' id='word_1_430' title='bbox 778 4701 863 4763; x_wconf 89' lang='lat' dir='ltr'>docet,</span> <span class='ocrx_word' id='word_1_431' title='bbox 875 4718 991 4754; x_wconf 88' lang='lat' dir='ltr'>commea·</span> 
     </span>
     <span class='ocr_line' id='line_1_59' title="bbox 240 4772 990 4835; baseline -0.003 -11"><span class='ocrx_word' id='word_1_432' title='bbox 240 4780 292 4825; x_wconf 90' lang='lat' dir='ltr'>tum</span> <span class='ocrx_word' id='word_1_433' title='bbox 302 4788 333 4823; x_wconf 81' lang='lat' dir='ltr'>ea</span> <span class='ocrx_word' id='word_1_434' title='bbox 342 4774 436 4823; x_wconf 87' lang='lat' dir='ltr'>hostico</span> <span class='ocrx_word' id='word_1_435' title='bbox 445 4786 499 4823; x_wconf 90' lang='lat' dir='ltr'>esse</span> <span class='ocrx_word' id='word_1_436' title='bbox 508 4772 710 4835; x_wconf 88' lang='lat' dir='ltr'>comparandum,</span> <span class='ocrx_word' id='word_1_437' title='bbox 724 4772 767 4821; x_wconf 87' lang='lat' dir='ltr'>sed</span> <span class='ocrx_word' id='word_1_438' title='bbox 776 4776 846 4821; x_wconf 90' lang='lat' dir='ltr'>caute</span> <span class='ocrx_word' id='word_1_439' title='bbox 857 4785 885 4821; x_wconf 89' lang='lat' dir='ltr'>ao</span> <span class='ocrx_word' id='word_1_440' title='bbox 894 4772 990 4834; x_wconf 90' lang='lat' dir='ltr'>diligen·</span> 
     </span>
     <span class='ocr_line' id='line_1_60' title="bbox 241 4840 990 4904; baseline -0.001 -11"><span class='ocrx_word' id='word_1_441' title='bbox 241 4849 277 4894; x_wconf 90' lang='lat' dir='ltr'>ter</span> <span class='ocrx_word' id='word_1_442' title='bbox 289 4860 295 4891; x_wconf 90' lang='lat'>:</span> <span class='ocrx_word' id='word_1_443' title='bbox 309 4856 357 4892; x_wconf 90' lang='lat' dir='ltr'>non</span> <span class='ocrx_word' id='word_1_444' title='bbox 369 4841 468 4904; x_wconf 89' lang='lat' dir='ltr'>singulis</span> <span class='ocrx_word' id='word_1_445' title='bbox 479 4854 533 4890; x_wconf 90' lang='lat' dir='ltr'>esse</span> <span class='ocrx_word' id='word_1_446' title='bbox 546 4841 729 4901; x_wconf 88' lang='lat' dir='ltr'>egrediendum,</span> <span class='ocrx_word' id='word_1_447' title='bbox 745 4840 788 4889; x_wconf 89' lang='lat' dir='ltr'>sed</span> <span class='ocrx_word' id='word_1_448' title='bbox 800 4842 930 4903; x_wconf 84' lang='lat' dir='ltr'>universis,</span> <span class='ocrx_word' id='word_1_449' title='bbox 945 4844 990 4892; x_wconf 92' lang='lat' dir='ltr'>sed</span> 
     </span>
    </p>
   </div>
   <div class='ocr_carea' id='block_1_7' title="bbox 242 4910 1025 4973">
    <p class='ocr_par' dir='ltr' id='par_1_7' title="bbox 242 4910 1025 4973">
     <span class='ocr_line' id='line_1_61' title="bbox 242 4910 1025 4973; baseline -0.005 -12"><span class='ocrx_word' id='word_1_450' title='bbox 242 4916 322 4962; x_wconf 86' lang='lat' dir='ltr'>tamen</span> <span class='ocrx_word' id='word_1_451' title='bbox 335 4913 380 4973; x_wconf 89' lang='lat' dir='ltr'>ita,</span> <span class='ocrx_word' id='word_1_452' title='bbox 391 4917 419 4960; x_wconf 88' lang='lat' dir='ltr'>nt</span> <span class='ocrx_word' id='word_1_453' title='bbox 430 4924 586 4973; x_wconf 88' lang='lat' dir='ltr'>somperpars</span> <span class='ocrx_word' id='word_1_454' title='bbox 598 4912 716 4960; x_wconf 84' lang='lat' dir='ltr'>exercitas</span> <span class='ocrx_word' id='word_1_455' title='bbox 726 4910 811 4959; x_wconf 91' lang='lat' dir='ltr'>idonea</span> <span class='ocrx_word' id='word_1_456' title='bbox 820 4911 851 4960; x_wconf 91' lang='lat' dir='ltr'>ad</span> <span class='ocrx_word' id='word_1_457' title='bbox 865 4917 944 4961; x_wconf 87' lang='lat' dir='ltr'>rastra</span> <span class='ocrx_word' id='word_1_458' title='bbox 952 4917 988 4961; x_wconf 89' lang='lat' dir='ltr'>tu·</span> <span class='ocrx_word' id='word_1_459' title='bbox 1020 4949 1025 4957; x_wconf 95' lang='lat'>.</span> 
     </span>
    </p>
   </div>
   <div class='ocr_carea' id='block_1_8' title="bbox 222 4982 991 5323">
    <p class='ocr_par' dir='ltr' id='par_1_8' title="bbox 222 4982 991 5323">
     <span class='ocr_line' id='line_1_62' title="bbox 242 4982 991 5044; baseline 0 -13"><span class='ocrx_word' id='word_1_460' title='bbox 242 4982 314 5031; x_wconf 88' lang='lat' dir='ltr'>tanda</span> <span class='ocrx_word' id='word_1_461' title='bbox 330 4982 477 5044; x_wconf 84' lang='lat' dir='ltr'>relinquatur</span> <span class='ocrx_word' id='word_1_462' title='bbox 497 4996 503 5029; x_wconf 93' lang='lat'>:</span> <span class='ocrx_word' id='word_1_463' title='bbox 522 4994 597 5029; x_wconf 86' lang='lat' dir='ltr'>nares</span> <span class='ocrx_word' id='word_1_464' title='bbox 615 4982 843 5043; x_wconf 77' lang='lat' dir='ltr'>praeternavigantes</span> <span class='ocrx_word' id='word_1_465' title='bbox 864 4995 918 5031; x_wconf 89' lang='lat' dir='ltr'>esse</span> <span class='ocrx_word' id='word_1_466' title='bbox 938 4984 991 5032; x_wconf 90' lang='lat' dir='ltr'>reti·</span> 
     </span>
     <span class='ocr_line' id='line_1_63' title="bbox 242 5049 990 5112; baseline 0.001 -12"><span class='ocrx_word' id='word_1_467' title='bbox 242 5051 347 5111; x_wconf 88' lang='lat' dir='ltr'>nendas;</span> <span class='ocrx_word' id='word_1_468' title='bbox 358 5054 394 5109; x_wconf 91' lang='lat' dir='ltr'>et,</span> <span class='ocrx_word' id='word_1_469' title='bbox 405 5051 451 5099; x_wconf 93' lang='lat' dir='ltr'>nisi</span> <span class='ocrx_word' id='word_1_470' title='bbox 466 5055 504 5099; x_wconf 89' lang='lat' dir='ltr'>sat</span> <span class='ocrx_word' id='word_1_471' title='bbox 517 5050 616 5099; x_wconf 86' lang='lat' dir='ltr'>narium</span> <span class='ocrx_word' id='word_1_472' title='bbox 628 5049 738 5112; x_wconf 86' lang='lat' dir='ltr'>conquiri</span> <span class='ocrx_word' id='word_1_473' title='bbox 750 5050 843 5111; x_wconf 91' lang='lat' dir='ltr'>possit,</span> <span class='ocrx_word' id='word_1_474' title='bbox 852 5050 990 5101; x_wconf 85' lang='lat' dir='ltr'>civilatibus</span> 
     </span>
     <span class='ocr_line' id='line_1_64' title="bbox 242 5119 990 5182; baseline 0.003 -13"><span class='ocrx_word' id='word_1_475' title='bbox 242 5120 368 5169; x_wconf 86' lang='lat' dir='ltr'>maritimis</span> <span class='ocrx_word' id='word_1_476' title='bbox 380 5119 556 5182; x_wconf 89' lang='lat' dir='ltr'>imperandum,</span> <span class='ocrx_word' id='word_1_477' title='bbox 573 5123 600 5168; x_wconf 90' lang='lat' dir='ltr'>ut</span> <span class='ocrx_word' id='word_1_478' title='bbox 609 5119 673 5168; x_wconf 79' lang='lat' dir='ltr'>rhun</span> <span class='ocrx_word' id='word_1_479' title='bbox 685 5120 799 5169; x_wconf 88' lang='lat' dir='ltr'>muniant.</span> <span class='ocrx_word' id='word_1_480' title='bbox 833 5122 990 5171; x_wconf 88' lang='lat' dir='ltr'>omniacom·</span> 
     </span>
     <span class='ocr_line' id='line_1_65' title="bbox 222 5190 991 5253; baseline 0.004 -14"><span class='ocrx_word' id='word_1_481' title='bbox 222 5198 226 5201; x_wconf 82' lang='lat'>&#39;</span> <span class='ocrx_word' id='word_1_482' title='bbox 243 5190 329 5253; x_wconf 91' lang='lat' dir='ltr'>prohat</span> <span class='ocrx_word' id='word_1_483' title='bbox 348 5190 491 5253; x_wconf 85' lang='lat' dir='ltr'>multitudo,</span> <span class='ocrx_word' id='word_1_484' title='bbox 507 5190 550 5239; x_wconf 88' lang='lat' dir='ltr'>sed</span> <span class='ocrx_word' id='word_1_485' title='bbox 563 5190 709 5239; x_wconf 89' lang='lat' dir='ltr'>mentionem</span> <span class='ocrx_word' id='word_1_486' title='bbox 727 5190 758 5239; x_wconf 92' lang='lat' dir='ltr'>de</span> <span class='ocrx_word' id='word_1_487' title='bbox 769 5190 809 5239; x_wconf 92' lang='lat' dir='ltr'>ria</span> <span class='ocrx_word' id='word_1_488' title='bbox 822 5191 952 5248; x_wconf 84' lang='lat' dir='ltr'>munienda</span> <span class='ocrx_word' id='word_1_489' title='bbox 966 5198 991 5242; x_wconf 90' lang='lat' dir='ltr'>et</span> 
     </span>
     <span class='ocr_line' id='line_1_66' title="bbox 245 5258 989 5323; baseline 0.003 -14"><span class='ocrx_word' id='word_1_490' title='bbox 245 5262 330 5311; x_wconf 86' lang='lat' dir='ltr'>itinere</span> <span class='ocrx_word' id='word_1_491' title='bbox 344 5258 449 5323; x_wconf 84' lang='lat' dir='ltr'>pedestri</span> <span class='ocrx_word' id='word_1_492' title='bbox 461 5259 569 5310; x_wconf 89' lang='lat' dir='ltr'>faciendo</span> <span class='ocrx_word' id='word_1_493' title='bbox 578 5272 625 5309; x_wconf 93' lang='lat' dir='ltr'>non</span> <span class='ocrx_word' id='word_1_494' title='bbox 639 5260 699 5310; x_wconf 84' lang='lat' dir='ltr'>fene</span> <span class='ocrx_word' id='word_1_495' title='bbox 712 5264 797 5322; x_wconf 87' lang='lat' dir='ltr'>potest.</span> <span class='ocrx_word' id='word_1_496' title='bbox 830 5262 890 5311; x_wconf 83' lang='lat' dir='ltr'>llhrc</span> <span class='ocrx_word' id='word_1_497' title='bbox 905 5263 936 5311; x_wconf 90' lang='lat' dir='ltr'>ad</span> <span class='ocrx_word' id='word_1_498' title='bbox 950 5277 989 5311; x_wconf 88' lang='lat' dir='ltr'>na-</span> 
     </span>
    </p>
   </div>
   <div class='ocr_carea' id='block_1_9' title="bbox 667 495 1340 588">
    <p class='ocr_par' dir='ltr' id='par_1_9' title="bbox 667 495 1340 588">
     <span class='ocr_line' id='line_1_67' title="bbox 667 495 1340 588; baseline -0.007 0"><span class='ocrx_word' id='word_1_499' title='bbox 667 523 757 588; x_wconf 89' lang='lat' dir='ltr'>crnr</span> <span class='ocrx_word' id='word_1_500' title='bbox 779 524 1050 585; x_wconf 84' lang='lat' dir='ltr'>aansnrriours</span> <span class='ocrx_word' id='word_1_501' title='bbox 1070 495 1340 585; x_wconf 64' lang='lat' dir='ltr'>incursurus</span> 
     </span>
    </p>
   </div>
   <div class='ocr_carea' id='block_1_10' title="bbox 1049 651 1844 1838">
    <p class='ocr_par' dir='ltr' id='par_1_10' title="bbox 1049 651 1844 1838">
     <span class='ocr_line' id='line_1_68' title="bbox 1050 651 1795 715; baseline 0.005 -15"><span class='ocrx_word' id='word_1_502' title='bbox 1050 654 1113 714; x_wconf 82' lang='lat' dir='ltr'>rigia</span> <span class='ocrx_word' id='word_1_503' title='bbox 1126 651 1266 701; x_wconf 77' lang='lat' dir='ltr'>deducenda</span> <span class='ocrx_word' id='word_1_504' title='bbox 1281 651 1384 700; x_wconf 87' lang='lat' dir='ltr'>mittitur</span> <span class='ocrx_word' id='word_1_505' title='bbox 1399 651 1523 715; x_wconf 81' lang='lat' dir='ltr'>Dexippus</span> <span class='ocrx_word' id='word_1_506' title='bbox 1534 651 1743 714; x_wconf 70' lang='lat' dir='ltr'>amoenorum,</span> <span class='ocrx_word' id='word_1_507' title='bbox 1755 655 1795 703; x_wconf 90' lang='lat' dir='ltr'>sed</span> 
     </span>
     <span class='ocr_line' id='line_1_69' title="bbox 1049 721 1795 785; baseline -0.001 -13"><span class='ocrx_word' id='word_1_508' title='bbox 1049 737 1105 772; x_wconf 90' lang='lat' dir='ltr'>cum</span> <span class='ocrx_word' id='word_1_509' title='bbox 1118 735 1178 771; x_wconf 90' lang='lat' dir='ltr'>nare</span> <span class='ocrx_word' id='word_1_510' title='bbox 1191 722 1298 783; x_wconf 90' lang='lat' dir='ltr'>aufugit;</span> <span class='ocrx_word' id='word_1_511' title='bbox 1313 727 1396 770; x_wconf 82' lang='lat' dir='ltr'>contm</span> <span class='ocrx_word' id='word_1_512' title='bbox 1411 723 1550 785; x_wconf 81' lang='lat' dir='ltr'>Polycrates</span> <span class='ocrx_word' id='word_1_513' title='bbox 1563 724 1714 773; x_wconf 71' lang='lat' dir='ltr'>¹atheniensis</span> <span class='ocrx_word' id='word_1_514' title='bbox 1728 721 1795 772; x_wconf 86' lang='lat' dir='ltr'>fidem</span> 
     </span>
     <span class='ocr_line' id='line_1_70' title="bbox 1051 793 1795 856; baseline 0.001 -15"><span class='ocrx_word' id='word_1_515' title='bbox 1051 795 1157 855; x_wconf 86' lang='lat' dir='ltr'>praestat.</span> <span class='ocrx_word' id='word_1_516' title='bbox 1169 818 1200 827; x_wconf 89' lang='lat'>-</span> <span class='ocrx_word' id='word_1_517' title='bbox 1210 795 1267 841; x_wconf 84' lang='lat' dir='ltr'>car.</span> <span class='ocrx_word' id='word_1_518' title='bbox 1277 795 1286 840; x_wconf 95' lang='lat' dir='ltr'>f</span> <span class='ocrx_word' id='word_1_519' title='bbox 1290 795 1309 840; x_wconf 89' lang='lat'>1.</span> <span class='ocrx_word' id='word_1_520' title='bbox 1323 795 1416 841; x_wconf 81' lang='lat' dir='ltr'>interea</span> <span class='ocrx_word' id='word_1_521' title='bbox 1427 793 1457 840; x_wconf 91' lang='lat' dir='ltr'>ad</span> <span class='ocrx_word' id='word_1_522' title='bbox 1468 797 1644 854; x_wconf 88' lang='lat' dir='ltr'>commeatum,</span> <span class='ocrx_word' id='word_1_523' title='bbox 1656 795 1698 856; x_wconf 90' lang='lat' dir='ltr'>qui</span> <span class='ocrx_word' id='word_1_524' title='bbox 1708 794 1795 842; x_wconf 78' lang='lat' dir='ltr'>deide-</span> 
     </span>
     <span class='ocr_line' id='line_1_71' title="bbox 1050 862 1796 927; baseline 0.001 -16"><span class='ocrx_word' id='word_1_525' title='bbox 1050 863 1105 923; x_wconf 91' lang='lat' dir='ltr'>bat,</span> <span class='ocrx_word' id='word_1_526' title='bbox 1115 862 1316 924; x_wconf 89' lang='lat' dir='ltr'>comparandum,</span> <span class='ocrx_word' id='word_1_527' title='bbox 1325 863 1490 925; x_wconf 80' lang='lat' dir='ltr'>Tmpezuntiis</span> <span class='ocrx_word' id='word_1_528' title='bbox 1500 863 1603 912; x_wconf 89' lang='lat' dir='ltr'>ducibus</span> <span class='ocrx_word' id='word_1_529' title='bbox 1614 877 1671 926; x_wconf 87' lang='lat' dir='ltr'>pars</span> <span class='ocrx_word' id='word_1_530' title='bbox 1679 865 1796 927; x_wconf 83' lang='lat' dir='ltr'>copiarum</span> 
     </span>
     <span class='ocr_line' id='line_1_72' title="bbox 1051 931 1794 993; baseline 0.003 -12"><span class='ocrx_word' id='word_1_531' title='bbox 1051 932 1150 981; x_wconf 89' lang='lat' dir='ltr'>dimidia</span> <span class='ocrx_word' id='word_1_532' title='bbox 1160 933 1210 981; x_wconf 82' lang='lat' dir='ltr'>exit</span> <span class='ocrx_word' id='word_1_533' title='bbox 1224 932 1341 981; x_wconf 84' lang='lat' dir='ltr'>adversus</span> <span class='ocrx_word' id='word_1_534' title='bbox 1358 932 1450 992; x_wconf 86' lang='lat' dir='ltr'>Drilas,</span> <span class='ocrx_word' id='word_1_535' title='bbox 1465 935 1562 993; x_wconf 82' lang='lat' dir='ltr'>gentem</span> <span class='ocrx_word' id='word_1_536' title='bbox 1579 931 1794 992; x_wconf 79' lang='lat' dir='ltr'>bellicosissimam,</span> 
     </span>
     <span class='ocr_line' id='line_1_73' title="bbox 1050 1003 1797 1064; baseline 0.001 -13"><span class='ocrx_word' id='word_1_537' title='bbox 1050 1006 1075 1051; x_wconf 91' lang='lat' dir='ltr'>et</span> <span class='ocrx_word' id='word_1_538' title='bbox 1093 1003 1144 1051; x_wconf 80' lang='lat' dir='ltr'>loca</span> <span class='ocrx_word' id='word_1_539' title='bbox 1162 1007 1276 1051; x_wconf 86' lang='lat' dir='ltr'>montana</span> <span class='ocrx_word' id='word_1_540' title='bbox 1291 1015 1439 1064; x_wconf 85' lang='lat' dir='ltr'>accessuque</span> <span class='ocrx_word' id='word_1_541' title='bbox 1455 1003 1560 1057; x_wconf 77' lang='lat' dir='ltr'>difficilia</span> <span class='ocrx_word' id='word_1_542' title='bbox 1581 1005 1731 1058; x_wconf 73' lang='lat' dir='ltr'>insolentem.</span> <span class='ocrx_word' id='word_1_543' title='bbox 1758 1005 1797 1054; x_wconf 82' lang='lat' dir='ltr'>&#39;ab</span> 
     </span>
     <span class='ocr_line' id='line_1_74' title="bbox 1052 1071 1798 1136; baseline 0.003 -16"><span class='ocrx_word' id='word_1_544' title='bbox 1052 1072 1119 1120; x_wconf 92' lang='lat' dir='ltr'>initio</span> <span class='ocrx_word' id='word_1_545' title='bbox 1133 1072 1193 1122; x_wconf 75' lang='lat' dir='ltr'>nillil</span> <span class='ocrx_word' id='word_1_546' title='bbox 1210 1072 1258 1120; x_wconf 88' lang='lat' dir='ltr'>fere</span> <span class='ocrx_word' id='word_1_547' title='bbox 1273 1071 1362 1134; x_wconf 72' lang='lat' dir='ltr'>praedae</span> <span class='ocrx_word' id='word_1_548' title='bbox 1380 1073 1477 1133; x_wconf 86' lang='lat' dir='ltr'>capiunt</span> <span class='ocrx_word' id='word_1_549' title='bbox 1495 1074 1586 1133; x_wconf 77' lang='lat' dir='ltr'>Graeci,</span> <span class='ocrx_word' id='word_1_550' title='bbox 1600 1075 1714 1136; x_wconf 89' lang='lat' dir='ltr'>qnoniam</span> <span class='ocrx_word' id='word_1_551' title='bbox 1729 1074 1798 1122; x_wconf 76' lang='lat' dir='ltr'>Drilze</span> 
     </span>
     <span class='ocr_line' id='line_1_75' title="bbox 1051 1132 1797 1207; baseline 0.001 -18"><span class='ocrx_word' id='word_1_552' title='bbox 1051 1141 1124 1200; x_wconf 85' lang='lat' dir='ltr'>locis,</span> <span class='ocrx_word' id='word_1_553' title='bbox 1135 1156 1190 1203; x_wconf 80' lang='lat' dir='ltr'>quae</span> <span class='ocrx_word' id='word_1_554' title='bbox 1198 1142 1249 1203; x_wconf 85' lang='lat' dir='ltr'>rapi</span> <span class='ocrx_word' id='word_1_555' title='bbox 1259 1154 1332 1204; x_wconf 82' lang='lat' dir='ltr'>posse</span> <span class='ocrx_word' id='word_1_556' title='bbox 1341 1141 1493 1202; x_wconf 87' lang='lat' dir='ltr'>ridebantur,</span> <span class='ocrx_word' id='word_1_557' title='bbox 1505 1132 1611 1192; x_wconf 75' lang='lat' dir='ltr'>incensis</span> <span class='ocrx_word' id='word_1_558' title='bbox 1619 1143 1797 1207; x_wconf 72' lang='lat' dir='ltr'>,discesserant</span> 
     </span>
     <span class='ocr_line' id='line_1_76' title="bbox 1051 1211 1798 1275; baseline 0.003 -15"><span class='ocrx_word' id='word_1_559' title='bbox 1051 1211 1158 1260; x_wconf 87' lang='lat' dir='ltr'>Tandem</span> <span class='ocrx_word' id='word_1_560' title='bbox 1171 1225 1229 1260; x_wconf 89' lang='lat' dir='ltr'>rero</span> <span class='ocrx_word' id='word_1_561' title='bbox 1241 1212 1271 1259; x_wconf 89' lang='lat' dir='ltr'>ad</span> <span class='ocrx_word' id='word_1_562' title='bbox 1283 1211 1367 1259; x_wconf 88' lang='lat' dir='ltr'>urbem</span> <span class='ocrx_word' id='word_1_563' title='bbox 1377 1212 1447 1260; x_wconf 88' lang='lat' dir='ltr'>valde</span> <span class='ocrx_word' id='word_1_564' title='bbox 1458 1213 1590 1273; x_wconf 87' lang='lat' dir='ltr'>munitam,</span> <span class='ocrx_word' id='word_1_565' title='bbox 1602 1213 1712 1275; x_wconf 89' lang='lat' dir='ltr'>inquam</span> <span class='ocrx_word' id='word_1_566' title='bbox 1720 1214 1798 1264; x_wconf 81' lang='lat' dir='ltr'>hoster</span> 
     </span>
     <span class='ocr_line' id='line_1_77' title="bbox 1051 1283 1799 1346; baseline 0.004 -16"><span class='ocrx_word' id='word_1_567' title='bbox 1051 1296 1107 1331; x_wconf 89' lang='lat' dir='ltr'>cum</span> <span class='ocrx_word' id='word_1_568' title='bbox 1124 1283 1175 1331; x_wconf 92' lang='lat' dir='ltr'>suis</span> <span class='ocrx_word' id='word_1_569' title='bbox 1191 1283 1357 1333; x_wconf 87' lang='lat' dir='ltr'>confluxerant</span> <span class='ocrx_word' id='word_1_570' title='bbox 1370 1295 1467 1344; x_wconf 86' lang='lat' dir='ltr'>omnes,</span> <span class='ocrx_word' id='word_1_571' title='bbox 1483 1284 1651 1346; x_wconf 71' lang='lat' dir='ltr'>perveniunt:</span> <span class='ocrx_word' id='word_1_572' title='bbox 1665 1290 1799 1346; x_wconf 81' lang='lat' dir='ltr'>eapugrrant</span> 
     </span>
     <span class='ocr_line' id='line_1_78' title="bbox 1052 1349 1798 1415; baseline -0.001 -13"><span class='ocrx_word' id='word_1_573' title='bbox 1052 1358 1220 1414; x_wconf 67' lang='lat' dir='ltr'>campester</span> <span class='ocrx_word' id='word_1_574' title='bbox 1230 1365 1323 1411; x_wconf 68' lang='lat' dir='ltr'>amm,</span> <span class='ocrx_word' id='word_1_575' title='bbox 1334 1353 1359 1400; x_wconf 94' lang='lat' dir='ltr'>et</span> <span class='ocrx_word' id='word_1_576' title='bbox 1369 1351 1482 1401; x_wconf 88' lang='lat' dir='ltr'>omnibus</span> <span class='ocrx_word' id='word_1_577' title='bbox 1493 1349 1607 1414; x_wconf 86' lang='lat' dir='ltr'>direptis,</span> <span class='ocrx_word' id='word_1_578' title='bbox 1621 1358 1645 1401; x_wconf 94' lang='lat' dir='ltr'>et</span> <span class='ocrx_word' id='word_1_579' title='bbox 1662 1352 1721 1402; x_wconf 87' lang='lat' dir='ltr'>urbe</span> <span class='ocrx_word' id='word_1_580' title='bbox 1737 1356 1798 1415; x_wconf 87' lang='lat' dir='ltr'>ipsa,</span> 
     </span>
     <span class='ocr_line' id='line_1_79' title="bbox 1052 1423 1799 1485; baseline 0.001 -14"><span class='ocrx_word' id='word_1_581' title='bbox 1052 1427 1080 1471; x_wconf 90' lang='lat' dir='ltr'>nt</span> <span class='ocrx_word' id='word_1_582' title='bbox 1091 1427 1172 1471; x_wconf 90' lang='lat' dir='ltr'>tntum</span> <span class='ocrx_word' id='word_1_583' title='bbox 1184 1423 1298 1472; x_wconf 90' lang='lat' dir='ltr'>haberent</span> <span class='ocrx_word' id='word_1_584' title='bbox 1311 1423 1459 1483; x_wconf 89' lang='lat' dir='ltr'>discessum,</span> <span class='ocrx_word' id='word_1_585' title='bbox 1475 1423 1572 1472; x_wconf 84' lang='lat' dir='ltr'>incensa</span> <span class='ocrx_word' id='word_1_586' title='bbox 1583 1423 1686 1485; x_wconf 90' lang='lat' dir='ltr'>abeunt,</span> <span class='ocrx_word' id='word_1_587' title='bbox 1699 1425 1741 1477; x_wconf 86' lang='lat' dir='ltr'>sed</span> <span class='ocrx_word' id='word_1_588' title='bbox 1755 1439 1799 1472; x_wconf 91' lang='lat' dir='ltr'>non</span> 
     </span>
     <span class='ocr_line' id='line_1_80' title="bbox 1053 1491 1798 1554; baseline 0 -13"><span class='ocrx_word' id='word_1_589' title='bbox 1053 1493 1104 1542; x_wconf 91' lang='lat' dir='ltr'>sine</span> <span class='ocrx_word' id='word_1_590' title='bbox 1111 1505 1197 1554; x_wconf 81' lang='lat' dir='ltr'>magua</span> <span class='ocrx_word' id='word_1_591' title='bbox 1203 1492 1357 1552; x_wconf 79' lang='lat' dir='ltr'>difficultate,</span> <span class='ocrx_word' id='word_1_592' title='bbox 1367 1491 1515 1554; x_wconf 84' lang='lat' dir='ltr'>redeuntque</span> <span class='ocrx_word' id='word_1_593' title='bbox 1524 1493 1584 1542; x_wconf 91' lang='lat' dir='ltr'>salri</span> <span class='ocrx_word' id='word_1_594' title='bbox 1592 1494 1616 1540; x_wconf 94' lang='lat' dir='ltr'>in</span> <span class='ocrx_word' id='word_1_595' title='bbox 1623 1499 1702 1542; x_wconf 83' lang='lat' dir='ltr'>rastra</span> <span class='ocrx_word' id='word_1_596' title='bbox 1710 1507 1798 1543; x_wconf 88' lang='lat' dir='ltr'>omnes.</span> 
     </span>
     <span class='ocr_line' id='line_1_81' title="bbox 1051 1561 1800 1624; baseline -0.001 -12"><span class='ocrx_word' id='word_1_597' title='bbox 1051 1591 1083 1600; x_wconf 89' lang='lat'>—</span> <span class='ocrx_word' id='word_1_598' title='bbox 1095 1567 1154 1613; x_wconf 83' lang='lat' dir='ltr'>Car.</span> <span class='ocrx_word' id='word_1_599' title='bbox 1168 1566 1210 1612; x_wconf 91' lang='lat' dir='ltr'>lll.</span> <span class='ocrx_word' id='word_1_600' title='bbox 1224 1565 1288 1612; x_wconf 82' lang='lat' dir='ltr'>Cum</span> <span class='ocrx_word' id='word_1_601' title='bbox 1299 1561 1435 1624; x_wconf 83' lang='lat' dir='ltr'>chirisophi</span> <span class='ocrx_word' id='word_1_602' title='bbox 1450 1563 1555 1612; x_wconf 91' lang='lat' dir='ltr'>reditum</span> <span class='ocrx_word' id='word_1_603' title='bbox 1568 1576 1623 1610; x_wconf 89' lang='lat' dir='ltr'>crim</span> <span class='ocrx_word' id='word_1_604' title='bbox 1640 1564 1755 1623; x_wconf 88' lang='lat' dir='ltr'>naribus,</span> <span class='ocrx_word' id='word_1_605' title='bbox 1770 1564 1800 1611; x_wconf 94' lang='lat' dir='ltr'>ob</span> 
     </span>
     <span class='ocr_line' id='line_1_82' title="bbox 1054 1628 1844 1696; baseline 0.004 -13"><span class='ocrx_word' id='word_1_606' title='bbox 1054 1635 1167 1685; x_wconf 87' lang='lat' dir='ltr'>frumenti</span> <span class='ocrx_word' id='word_1_607' title='bbox 1184 1634 1323 1696; x_wconf 88' lang='lat' dir='ltr'>penuriam,</span> <span class='ocrx_word' id='word_1_608' title='bbox 1339 1632 1432 1682; x_wconf 81' lang='lat' dir='ltr'>diodus</span> <span class='ocrx_word' id='word_1_609' title='bbox 1447 1628 1597 1694; x_wconf 85' lang='lat' dir='ltr'>Trapezunte</span> <span class='ocrx_word' id='word_1_610' title='bbox 1606 1636 1745 1696; x_wconf 70' lang='lat' dir='ltr'>exspectare</span> <span class='ocrx_word' id='word_1_611' title='bbox 1754 1647 1800 1682; x_wconf 88' lang='lat' dir='ltr'>non</span> <span class='ocrx_word' id='word_1_612' title='bbox 1838 1666 1844 1687; x_wconf 81' lang='grc'><em>,</em></span> 
     </span>
     <span class='ocr_line' id='line_1_83' title="bbox 1053 1702 1800 1766; baseline -0.004 -13"><span class='ocrx_word' id='word_1_613' title='bbox 1053 1705 1146 1766; x_wconf 88' lang='lat' dir='ltr'>possint</span> <span class='ocrx_word' id='word_1_614' title='bbox 1163 1702 1241 1754; x_wconf 73' lang='lat' dir='ltr'>Graeci</span> <span class='ocrx_word' id='word_1_615' title='bbox 1256 1718 1262 1750; x_wconf 76' lang='grc' dir='ltr'>ε</span> <span class='ocrx_word' id='word_1_616' title='bbox 1279 1707 1381 1764; x_wconf 71' lang='lat' dir='ltr'>egrotos</span> <span class='ocrx_word' id='word_1_617' title='bbox 1403 1702 1563 1765; x_wconf 85' lang='lat' dir='ltr'>mulieresque</span> <span class='ocrx_word' id='word_1_618' title='bbox 1586 1703 1687 1752; x_wconf 87' lang='lat' dir='ltr'>naribus</span> <span class='ocrx_word' id='word_1_619' title='bbox 1710 1704 1800 1766; x_wconf 82' lang='lat' dir='ltr'>paucis,</span> 
     </span>
     <span class='ocr_line' id='line_1_84' title="bbox 1054 1771 1804 1838; baseline -0.005 -15"><span class='ocrx_word' id='word_1_620' title='bbox 1054 1788 1115 1838; x_wconf 90' lang='lat' dir='ltr'>quas</span> <span class='ocrx_word' id='word_1_621' title='bbox 1126 1775 1170 1836; x_wconf 88' lang='lat' dir='ltr'>ipsi</span> <span class='ocrx_word' id='word_1_622' title='bbox 1183 1773 1278 1822; x_wconf 86' lang='lat' dir='ltr'>iuterim</span> <span class='ocrx_word' id='word_1_623' title='bbox 1286 1772 1391 1821; x_wconf 88' lang='lat' dir='ltr'>nancisci</span> <span class='ocrx_word' id='word_1_624' title='bbox 1400 1777 1540 1834; x_wconf 86' lang='lat' dir='ltr'>potuerant,</span> <span class='ocrx_word' id='word_1_625' title='bbox 1549 1771 1691 1834; x_wconf 83' lang='lat' dir='ltr'>impositos,</span> <span class='ocrx_word' id='word_1_626' title='bbox 1701 1773 1804 1822; x_wconf 90' lang='lat' dir='ltr'>Philesio</span> 
     </span>
    </p>
   </div>
   <div class='ocr_carea' id='block_1_11' title="bbox 1055 1842 1803 2053">
    <p class='ocr_par' dir='ltr' id='par_1_11' title="bbox 1055 1842 1803 2053">
     <span class='ocr_line' id='line_1_85' title="bbox 1055 1842 1801 1907; baseline -0.005 -13"><span class='ocrx_word' id='word_1_627' title='bbox 1055 1858 1084 1893; x_wconf 86' lang='lat' dir='ltr'>ac</span> <span class='ocrx_word' id='word_1_628' title='bbox 1094 1846 1238 1907; x_wconf 82' lang='lat' dir='ltr'>Sopliaeneto</span> <span class='ocrx_word' id='word_1_629' title='bbox 1249 1842 1366 1901; x_wconf 90' lang='lat' dir='ltr'>ducibus,</span> <span class='ocrx_word' id='word_1_630' title='bbox 1378 1855 1451 1890; x_wconf 89' lang='lat' dir='ltr'>cursu</span> <span class='ocrx_word' id='word_1_631' title='bbox 1468 1843 1588 1891; x_wconf 88' lang='lat' dir='ltr'>maritimo</span> <span class='ocrx_word' id='word_1_632' title='bbox 1603 1843 1740 1901; x_wconf 84' lang='lat' dir='ltr'>devehunt;</span> <span class='ocrx_word' id='word_1_633' title='bbox 1758 1843 1801 1905; x_wconf 84' lang='lat' dir='ltr'>ipsi</span> 
     </span>
     <span class='ocr_line' id='line_1_86' title="bbox 1055 1911 1801 1978; baseline -0.005 -15"><span class='ocrx_word' id='word_1_634' title='bbox 1055 1927 1112 1964; x_wconf 81' lang='lat' dir='ltr'>rere</span> <span class='ocrx_word' id='word_1_635' title='bbox 1125 1914 1231 1978; x_wconf 89' lang='lat' dir='ltr'>pedestri</span> <span class='ocrx_word' id='word_1_636' title='bbox 1242 1915 1327 1963; x_wconf 91' lang='lat' dir='ltr'>itinere</span> <span class='ocrx_word' id='word_1_637' title='bbox 1339 1913 1412 1961; x_wconf 90' lang='lat' dir='ltr'>triam</span> <span class='ocrx_word' id='word_1_638' title='bbox 1428 1911 1521 1960; x_wconf 84' lang='lat' dir='ltr'>dienrm</span> <span class='ocrx_word' id='word_1_639' title='bbox 1538 1914 1678 1976; x_wconf 80' lang='lat' dir='ltr'>perveniunt</span> <span class='ocrx_word' id='word_1_640' title='bbox 1688 1913 1801 1965; x_wconf 76' lang='lat' dir='ltr'>Gerasam</span> 
     </span>
     <span class='ocr_line' id='line_1_87' title="bbox 1060 1980 1803 2053; baseline -0.003 -21"><span class='ocrx_word' id='word_1_641' title='bbox 1060 1989 1115 2032; x_wconf 91' lang='lat' dir='ltr'>tem.</span> <span class='ocrx_word' id='word_1_642' title='bbox 1148 1983 1184 2032; x_wconf 92' lang='lat' dir='ltr'>lbi</span> <span class='ocrx_word' id='word_1_643' title='bbox 1201 1984 1284 2032; x_wconf 84' lang='lat' dir='ltr'>decem</span> <span class='ocrx_word' id='word_1_644' title='bbox 1295 1982 1347 2030; x_wconf 76' lang='lat' dir='ltr'>dies</span> <span class='ocrx_word' id='word_1_645' title='bbox 1362 1980 1461 2040; x_wconf 88' lang='lat' dir='ltr'>moreti,</span> <span class='ocrx_word' id='word_1_646' title='bbox 1476 1982 1610 2032; x_wconf 78' lang='lat' dir='ltr'>exercitum</span> <span class='ocrx_word' id='word_1_647' title='bbox 1627 1989 1762 2053; x_wconf 70' lang='lat' dir='ltr'>qecapsent,</span> <span class='ocrx_word' id='word_1_648' title='bbox 1779 1986 1803 2030; x_wconf 88' lang='lat' dir='ltr'>et</span> 
     </span>
    </p>
   </div>
   <div class='ocr_carea' id='block_1_12' title="bbox 1054 2051 1806 2740">
    <p class='ocr_par' dir='ltr' id='par_1_12' title="bbox 1054 2051 1806 2740">
     <span class='ocr_line' id='line_1_88' title="bbox 1056 2051 1800 2116; baseline -0.003 -14"><span class='ocrx_word' id='word_1_649' title='bbox 1056 2054 1183 2115; x_wconf 85' lang='lat' dir='ltr'>pecuniam</span> <span class='ocrx_word' id='word_1_650' title='bbox 1203 2067 1233 2102; x_wconf 85' lang='lat' dir='ltr'>ex</span> <span class='ocrx_word' id='word_1_651' title='bbox 1249 2052 1361 2114; x_wconf 83' lang='lat' dir='ltr'>captivis</span> <span class='ocrx_word' id='word_1_652' title='bbox 1384 2051 1488 2100; x_wconf 78' lang='lat' dir='ltr'>venditis</span> <span class='ocrx_word' id='word_1_653' title='bbox 1512 2052 1632 2102; x_wconf 84' lang='lat' dir='ltr'>redactam</span> <span class='ocrx_word' id='word_1_654' title='bbox 1660 2054 1800 2116; x_wconf 85' lang='lat' dir='ltr'>partiuntur.</span> 
     </span>
     <span class='ocr_line' id='line_1_89' title="bbox 1055 2121 1803 2185; baseline 0.003 -15"><span class='ocrx_word' id='word_1_655' title='bbox 1055 2123 1187 2184; x_wconf 84' lang='lat' dir='ltr'>xenophon</span> <span class='ocrx_word' id='word_1_656' title='bbox 1205 2121 1457 2170; x_wconf 69' lang='lat' dir='ltr'>dimidium-alterum</span> <span class='ocrx_word' id='word_1_657' title='bbox 1475 2134 1527 2170; x_wconf 86' lang='lat' dir='ltr'>suae</span> <span class='ocrx_word' id='word_1_658' title='bbox 1548 2124 1664 2185; x_wconf 90' lang='lat' dir='ltr'>portionis</span> <span class='ocrx_word' id='word_1_659' title='bbox 1682 2129 1803 2172; x_wconf 78' lang='lat' dir='ltr'>maereret</span> 
     </span>
     <span class='ocr_line' id='line_1_90' title="bbox 1055 2188 1803 2254; baseline -0.003 -13"><span class='ocrx_word' id='word_1_660' title='bbox 1055 2191 1157 2253; x_wconf 80' lang='lat' dir='ltr'>Apollini</span> <span class='ocrx_word' id='word_1_661' title='bbox 1180 2188 1308 2254; x_wconf 77' lang='lat' dir='ltr'>Delplrico3</span> <span class='ocrx_word' id='word_1_662' title='bbox 1322 2191 1425 2240; x_wconf 89' lang='lat' dir='ltr'>alterum</span> <span class='ocrx_word' id='word_1_663' title='bbox 1438 2204 1510 2252; x_wconf 86' lang='lat' dir='ltr'>rero,</span> <span class='ocrx_word' id='word_1_664' title='bbox 1527 2192 1716 2254; x_wconf 89' lang='lat' dir='ltr'>utdepositum,</span> <span class='ocrx_word' id='word_1_665' title='bbox 1733 2193 1803 2242; x_wconf 85' lang='lat' dir='ltr'>tradit</span> 
     </span>
     <span class='ocr_line' id='line_1_91' title="bbox 1054 2261 1800 2326; baseline 0.004 -16"><span class='ocrx_word' id='word_1_666' title='bbox 1054 2263 1137 2310; x_wconf 78' lang='lat' dir='ltr'>Dmnre</span> <span class='ocrx_word' id='word_1_667' title='bbox 1149 2263 1259 2324; x_wconf 77' lang='lat' dir='ltr'>Ephesiae</span> <span class='ocrx_word' id='word_1_668' title='bbox 1267 2261 1367 2310; x_wconf 82' lang='lat' dir='ltr'>aedituo.</span> <span class='ocrx_word' id='word_1_669' title='bbox 1401 2261 1459 2311; x_wconf 89' lang='lat' dir='ltr'>lnde</span> <span class='ocrx_word' id='word_1_670' title='bbox 1468 2266 1552 2323; x_wconf 77' lang='lat' dir='ltr'>prostea</span> <span class='ocrx_word' id='word_1_671' title='bbox 1561 2264 1586 2310; x_wconf 90' lang='lat' dir='ltr'>in</span> <span class='ocrx_word' id='word_1_672' title='bbox 1605 2263 1674 2312; x_wconf 81' lang='lat' dir='ltr'>Elide</span> <span class='ocrx_word' id='word_1_673' title='bbox 1689 2265 1800 2326; x_wconf 91' lang='lat' dir='ltr'>Pelopon·</span> 
     </span>
     <span class='ocr_line' id='line_1_92' title="bbox 1054 2330 1803 2396; baseline 0 -16"><span class='ocrx_word' id='word_1_674' title='bbox 1054 2331 1106 2380; x_wconf 89' lang='lat' dir='ltr'>nesi</span> <span class='ocrx_word' id='word_1_675' title='bbox 1126 2343 1174 2378; x_wconf 92' lang='lat' dir='ltr'>nou</span> <span class='ocrx_word' id='word_1_676' title='bbox 1194 2331 1320 2393; x_wconf 90' lang='lat' dir='ltr'>proculab</span> <span class='ocrx_word' id='word_1_677' title='bbox 1341 2330 1455 2393; x_wconf 86' lang='lat' dir='ltr'>olympia</span> <span class='ocrx_word' id='word_1_678' title='bbox 1470 2343 1553 2392; x_wconf 65' lang='lat' dir='ltr'>mum</span> <span class='ocrx_word' id='word_1_679' title='bbox 1571 2333 1644 2396; x_wconf 90' lang='lat' dir='ltr'>emit,</span> <span class='ocrx_word' id='word_1_680' title='bbox 1661 2338 1685 2381; x_wconf 89' lang='lat' dir='ltr'>et</span> <span class='ocrx_word' id='word_1_681' title='bbox 1703 2335 1803 2382; x_wconf 78' lang='lat' dir='ltr'>aedidcat</span> 
     </span>
     <span class='ocr_line' id='line_1_93' title="bbox 1055 2399 1803 2466; baseline 0.003 -16"><span class='ocrx_word' id='word_1_682' title='bbox 1055 2401 1136 2450; x_wconf 73' lang='lat' dir='ltr'>mnam</span> <span class='ocrx_word' id='word_1_683' title='bbox 1153 2400 1235 2460; x_wconf 75' lang='lat' dir='ltr'>Dianae</span> <span class='ocrx_word' id='word_1_684' title='bbox 1251 2401 1375 2462; x_wconf 77' lang='lat' dir='ltr'>Ephesiae,</span> <span class='ocrx_word' id='word_1_685' title='bbox 1393 2399 1425 2448; x_wconf 90' lang='lat' dir='ltr'>ad</span> <span class='ocrx_word' id='word_1_686' title='bbox 1451 2400 1555 2450; x_wconf 80' lang='lat' dir='ltr'>formari</span> <span class='ocrx_word' id='word_1_687' title='bbox 1573 2402 1656 2464; x_wconf 88' lang='lat' dir='ltr'>tempb</span> <span class='ocrx_word' id='word_1_688' title='bbox 1678 2403 1803 2466; x_wconf 79' lang='lat' dir='ltr'>Ephesini,</span> 
     </span>
     <span class='ocr_line' id='line_1_94' title="bbox 1056 2471 1803 2533; baseline 0.003 -12"><span class='ocrx_word' id='word_1_689' title='bbox 1056 2471 1208 2532; x_wconf 88' lang='lat' dir='ltr'>instituitque</span> <span class='ocrx_word' id='word_1_690' title='bbox 1222 2484 1316 2519; x_wconf 86' lang='lat' dir='ltr'>sarrnm</span> <span class='ocrx_word' id='word_1_691' title='bbox 1328 2471 1457 2533; x_wconf 85' lang='lat' dir='ltr'>quotannis</span> <span class='ocrx_word' id='word_1_692' title='bbox 1467 2471 1691 2522; x_wconf 86' lang='lat' dir='ltr'>concelebrandum.</span> <span class='ocrx_word' id='word_1_693' title='bbox 1705 2500 1736 2509; x_wconf 86' lang='lat'>—-</span> <span class='ocrx_word' id='word_1_694' title='bbox 1747 2479 1803 2524; x_wconf 82' lang='lat' dir='ltr'>car.</span> 
     </span>
     <span class='ocr_line' id='line_1_95' title="bbox 1055 2541 1804 2608; baseline 0.004 -17"><span class='ocrx_word' id='word_1_695' title='bbox 1055 2546 1098 2592; x_wconf 81' lang='lat' dir='ltr'>lv.</span> <span class='ocrx_word' id='word_1_696' title='bbox 1109 2545 1170 2591; x_wconf 84' lang='lat' dir='ltr'>Cum</span> <span class='ocrx_word' id='word_1_697' title='bbox 1179 2546 1276 2590; x_wconf 88' lang='lat' dir='ltr'>rentum</span> <span class='ocrx_word' id='word_1_698' title='bbox 1285 2546 1349 2590; x_wconf 82' lang='lat' dir='ltr'>esset</span> <span class='ocrx_word' id='word_1_699' title='bbox 1360 2541 1392 2589; x_wconf 91' lang='lat' dir='ltr'>ad</span> <span class='ocrx_word' id='word_1_700' title='bbox 1402 2542 1462 2590; x_wconf 88' lang='lat' dir='ltr'>lines</span> <span class='ocrx_word' id='word_1_701' title='bbox 1471 2547 1740 2608; x_wconf 81' lang='lat' dir='ltr'>mossynoeeorom,qul</span> <span class='ocrx_word' id='word_1_702' title='bbox 1749 2542 1804 2594; x_wconf 86' lang='lat' dir='ltr'>locis</span> 
     </span>
     <span class='ocr_line' id='line_1_96' title="bbox 1056 2610 1805 2674; baseline 0.004 -15"><span class='ocrx_word' id='word_1_703' title='bbox 1056 2610 1156 2659; x_wconf 88' lang='lat' dir='ltr'>munitis</span> <span class='ocrx_word' id='word_1_704' title='bbox 1169 2611 1222 2660; x_wconf 88' lang='lat' dir='ltr'>freti</span> <span class='ocrx_word' id='word_1_705' title='bbox 1237 2614 1336 2658; x_wconf 78' lang='lat' dir='ltr'>Graecos</span> <span class='ocrx_word' id='word_1_706' title='bbox 1347 2623 1363 2658; x_wconf 83' lang='lat' dir='ltr'>a</span> <span class='ocrx_word' id='word_1_707' title='bbox 1373 2611 1475 2660; x_wconf 76' lang='lat' dir='ltr'>hmmitu</span> <span class='ocrx_word' id='word_1_708' title='bbox 1491 2612 1618 2674; x_wconf 88' lang='lat' dir='ltr'>prohibere</span> <span class='ocrx_word' id='word_1_709' title='bbox 1631 2613 1722 2662; x_wconf 90' lang='lat' dir='ltr'>audent</span> <span class='ocrx_word' id='word_1_710' title='bbox 1734 2629 1739 2660; x_wconf 93' lang='lat'>:</span> <span class='ocrx_word' id='word_1_711' title='bbox 1752 2628 1805 2662; x_wconf 91' lang='lat' dir='ltr'>cnm</span> 
     </span>
     <span class='ocr_line' id='line_1_97' title="bbox 1056 2679 1806 2740; baseline 0.007 -13"><span class='ocrx_word' id='word_1_712' title='bbox 1056 2679 1102 2728; x_wconf 88' lang='lat' dir='ltr'>alia</span> <span class='ocrx_word' id='word_1_713' title='bbox 1120 2683 1323 2740; x_wconf 84' lang='lat' dir='ltr'>llfossynmrornm</span> <span class='ocrx_word' id='word_1_714' title='bbox 1343 2685 1413 2740; x_wconf 90' lang='lat' dir='ltr'>gente</span> <span class='ocrx_word' id='word_1_715' title='bbox 1431 2680 1547 2730; x_wconf 79' lang='lat' dir='ltr'>adsersus</span> <span class='ocrx_word' id='word_1_716' title='bbox 1566 2695 1707 2732; x_wconf 81' lang='lat' dir='ltr'>communes</span> <span class='ocrx_word' id='word_1_717' title='bbox 1726 2684 1806 2732; x_wconf 90' lang='lat' dir='ltr'>hostes</span> 
     </span>
    </p>
   </div>
   <div class='ocr_carea' id='block_1_13' title="bbox 1026 2749 1803 2812">
    <p class='ocr_par' dir='ltr' id='par_1_13' title="bbox 1026 2749 1803 2812">
     <span class='ocr_line' id='line_1_98' title="bbox 1026 2749 1803 2812; baseline 0.006 -15"><span class='ocrx_word' id='word_1_718' title='bbox 1026 2783 1030 2797; x_wconf 98' lang='lat'>.</span> <span class='ocrx_word' id='word_1_719' title='bbox 1057 2749 1130 2798; x_wconf 90' lang='lat' dir='ltr'>initur</span> <span class='ocrx_word' id='word_1_720' title='bbox 1149 2749 1259 2799; x_wconf 86' lang='lat' dir='ltr'>societas.</span> <span class='ocrx_word' id='word_1_721' title='bbox 1292 2750 1323 2799; x_wconf 85' lang='lat' dir='ltr'>lli</span> <span class='ocrx_word' id='word_1_722' title='bbox 1341 2749 1415 2808; x_wconf 88' lang='lat' dir='ltr'>socii,</span> <span class='ocrx_word' id='word_1_723' title='bbox 1434 2751 1580 2812; x_wconf 90' lang='lat' dir='ltr'>quibuscum</span> <span class='ocrx_word' id='word_1_724' title='bbox 1598 2753 1677 2802; x_wconf 81' lang='lat' dir='ltr'>Graeci</span> <span class='ocrx_word' id='word_1_725' title='bbox 1699 2753 1803 2802; x_wconf 90' lang='lat' dir='ltr'>nonnulli</span> 
     </span>
    </p>
   </div>
   <div class='ocr_carea' id='block_1_14' title="bbox 1056 2817 1817 5330">
    <p class='ocr_par' dir='ltr' id='par_1_14' title="bbox 1056 2817 1817 5330">
     <span class='ocr_line' id='line_1_99' title="bbox 1056 2817 1805 2885; baseline 0.007 -19"><span class='ocrx_word' id='word_1_726' title='bbox 1056 2818 1227 2880; x_wconf 88' lang='lat' dir='ltr'>imprudenter,</span> <span class='ocrx_word' id='word_1_727' title='bbox 1237 2817 1360 2882; x_wconf 81' lang='lat' dir='ltr'>praedandi</span> <span class='ocrx_word' id='word_1_728' title='bbox 1371 2831 1457 2880; x_wconf 86' lang='lat' dir='ltr'>cauea,</span> <span class='ocrx_word' id='word_1_729' title='bbox 1470 2833 1497 2868; x_wconf 90' lang='lat' dir='ltr'>se</span> <span class='ocrx_word' id='word_1_730' title='bbox 1505 2822 1691 2883; x_wconf 78' lang='lat' dir='ltr'>conjunxerant,</span> <span class='ocrx_word' id='word_1_731' title='bbox 1704 2825 1805 2885; x_wconf 88' lang='lat' dir='ltr'>primum</span> 
     </span>
     <span class='ocr_line' id='line_1_100' title="bbox 1057 2888 1805 2956; baseline 0.009 -21"><span class='ocrx_word' id='word_1_732' title='bbox 1057 2888 1208 2937; x_wconf 87' lang='lat' dir='ltr'>cladeaffecti</span> <span class='ocrx_word' id='word_1_733' title='bbox 1215 2888 1369 2949; x_wconf 88' lang='lat' dir='ltr'>repelluntur.</span> <span class='ocrx_word' id='word_1_734' title='bbox 1390 2889 1595 2942; x_wconf 88' lang='lat' dir='ltr'>Postridieautem</span> <span class='ocrx_word' id='word_1_735' title='bbox 1602 2893 1737 2955; x_wconf 79' lang='lat' dir='ltr'>Xenophon</span> <span class='ocrx_word' id='word_1_736' title='bbox 1746 2895 1805 2956; x_wconf 86' lang='lat' dir='ltr'>ipse,</span> 
     </span>
     <span class='ocr_line' id='line_1_101' title="bbox 1057 2958 1805 3023; baseline 0.005 -16"><span class='ocrx_word' id='word_1_737' title='bbox 1057 2972 1114 3009; x_wconf 90' lang='lat' dir='ltr'>cum</span> <span class='ocrx_word' id='word_1_738' title='bbox 1135 2958 1228 3007; x_wconf 89' lang='lat' dir='ltr'>animos</span> <span class='ocrx_word' id='word_1_739' title='bbox 1246 2958 1350 3008; x_wconf 91' lang='lat' dir='ltr'>militum</span> <span class='ocrx_word' id='word_1_740' title='bbox 1368 2959 1549 3023; x_wconf 82' lang='lat' dir='ltr'>confirmasset,</span> <span class='ocrx_word' id='word_1_741' title='bbox 1570 2976 1628 3012; x_wconf 88' lang='lat' dir='ltr'>suos</span> <span class='ocrx_word' id='word_1_742' title='bbox 1650 2968 1675 3012; x_wconf 90' lang='lat' dir='ltr'>et</span> <span class='ocrx_word' id='word_1_743' title='bbox 1690 2964 1805 3013; x_wconf 87' lang='lat' dir='ltr'>barbaros</span> 
     </span>
     <span class='ocr_line' id='line_1_102' title="bbox 1059 3027 1808 3095; baseline 0.004 -16"><span class='ocrx_word' id='word_1_744' title='bbox 1059 3027 1117 3079; x_wconf 83' lang='lat' dir='ltr'>scite</span> <span class='ocrx_word' id='word_1_745' title='bbox 1140 3030 1273 3078; x_wconf 87' lang='lat' dir='ltr'>instructos</span> <span class='ocrx_word' id='word_1_746' title='bbox 1288 3030 1355 3079; x_wconf 92' lang='lat' dir='ltr'>ducit</span> <span class='ocrx_word' id='word_1_747' title='bbox 1371 3036 1455 3080; x_wconf 78' lang='lat' dir='ltr'>contra</span> <span class='ocrx_word' id='word_1_748' title='bbox 1471 3032 1567 3093; x_wconf 87' lang='lat' dir='ltr'>hostes,</span> <span class='ocrx_word' id='word_1_749' title='bbox 1586 3048 1676 3095; x_wconf 80' lang='lat' dir='ltr'>erisque</span> <span class='ocrx_word' id='word_1_750' title='bbox 1696 3036 1769 3083; x_wconf 86' lang='lat' dir='ltr'>vincit</span> <span class='ocrx_word' id='word_1_751' title='bbox 1785 3040 1808 3082; x_wconf 90' lang='lat' dir='ltr'>et</span> 
     </span>
     <span class='ocr_line' id='line_1_103' title="bbox 1058 3098 1808 3171; baseline 0.005 -26"><span class='ocrx_word' id='word_1_752' title='bbox 1058 3098 1133 3160; x_wconf 85' lang='lat' dir='ltr'>fugat.</span> <span class='ocrx_word' id='word_1_753' title='bbox 1166 3102 1222 3171; x_wconf 85' lang='lat' dir='ltr'>Quo</span> <span class='ocrx_word' id='word_1_754' title='bbox 1244 3098 1320 3157; x_wconf 76' lang='lat' dir='ltr'>hoto,</span> <span class='ocrx_word' id='word_1_755' title='bbox 1338 3102 1435 3150; x_wconf 84' lang='lat' dir='ltr'>castella</span> <span class='ocrx_word' id='word_1_756' title='bbox 1456 3100 1505 3150; x_wconf 91' lang='lat' dir='ltr'>duo</span> <span class='ocrx_word' id='word_1_757' title='bbox 1525 3116 1651 3151; x_wconf 61' lang='lat' dir='ltr'>naamam</span> <span class='ocrx_word' id='word_1_758' title='bbox 1672 3104 1808 3152; x_wconf 89' lang='lat' dir='ltr'>bominibus</span> 
     </span>
     <span class='ocr_line' id='line_1_104' title="bbox 1058 3168 1808 3234; baseline 0.001 -15"><span class='ocrx_word' id='word_1_759' title='bbox 1058 3169 1241 3227; x_wconf 87' lang='lat' dir='ltr'>comburuntur,</span> <span class='ocrx_word' id='word_1_760' title='bbox 1253 3168 1326 3223; x_wconf 83' lang='lat' dir='ltr'>urbs,</span> <span class='ocrx_word' id='word_1_761' title='bbox 1342 3176 1415 3232; x_wconf 89' lang='lat' dir='ltr'>capnt</span> <span class='ocrx_word' id='word_1_762' title='bbox 1424 3172 1488 3231; x_wconf 86' lang='lat' dir='ltr'>regni</span> <span class='ocrx_word' id='word_1_763' title='bbox 1494 3206 1505 3234; x_wconf 79' lang='lat'>,</span> <span class='ocrx_word' id='word_1_764' title='bbox 1514 3172 1633 3234; x_wconf 83' lang='lat' dir='ltr'>diripitur,</span> <span class='ocrx_word' id='word_1_765' title='bbox 1649 3177 1674 3221; x_wconf 88' lang='lat' dir='ltr'>et</span> <span class='ocrx_word' id='word_1_766' title='bbox 1688 3175 1737 3222; x_wconf 89' lang='lat' dir='ltr'>alia</span> <span class='ocrx_word' id='word_1_767' title='bbox 1752 3184 1808 3222; x_wconf 92' lang='lat' dir='ltr'>non·</span> 
     </span>
     <span class='ocr_line' id='line_1_105' title="bbox 1059 3238 1806 3306; baseline 0 -17"><span class='ocrx_word' id='word_1_768' title='bbox 1059 3239 1124 3289; x_wconf 91' lang='lat' dir='ltr'>nulla</span> <span class='ocrx_word' id='word_1_769' title='bbox 1135 3238 1189 3287; x_wconf 88' lang='lat' dir='ltr'>loca</span> <span class='ocrx_word' id='word_1_770' title='bbox 1197 3242 1240 3286; x_wconf 89' lang='lat' dir='ltr'>aut</span> <span class='ocrx_word' id='word_1_771' title='bbox 1251 3238 1273 3285; x_wconf 86' lang='lat' dir='ltr'>vi</span> <span class='ocrx_word' id='word_1_772' title='bbox 1289 3246 1464 3301; x_wconf 79' lang='lat' dir='ltr'>expugnantur,</span> <span class='ocrx_word' id='word_1_773' title='bbox 1476 3245 1519 3290; x_wconf 87' lang='lat' dir='ltr'>aut</span> <span class='ocrx_word' id='word_1_774' title='bbox 1529 3242 1554 3290; x_wconf 92' lang='lat' dir='ltr'>in</span> <span class='ocrx_word' id='word_1_775' title='bbox 1568 3242 1640 3291; x_wconf 85' lang='lat' dir='ltr'>tidem</span> <span class='ocrx_word' id='word_1_776' title='bbox 1651 3244 1806 3306; x_wconf 81' lang='lat' dir='ltr'>recipiuntur.</span> 
     </span>
     <span class='ocr_line' id='line_1_106' title="bbox 1059 3308 1809 3373; baseline 0.004 -15"><span class='ocrx_word' id='word_1_777' title='bbox 1059 3309 1109 3359; x_wconf 91' lang='lat' dir='ltr'>Sub</span> <span class='ocrx_word' id='word_1_778' title='bbox 1119 3309 1189 3357; x_wconf 90' lang='lat' dir='ltr'>finem</span> <span class='ocrx_word' id='word_1_779' title='bbox 1199 3308 1284 3369; x_wconf 82' lang='lat' dir='ltr'>capias</span> <span class='ocrx_word' id='word_1_780' title='bbox 1294 3322 1373 3360; x_wconf 91' lang='lat' dir='ltr'>mores</span> <span class='ocrx_word' id='word_1_781' title='bbox 1381 3310 1450 3372; x_wconf 87' lang='lat' dir='ltr'>plane</span> <span class='ocrx_word' id='word_1_782' title='bbox 1459 3310 1551 3359; x_wconf 89' lang='lat' dir='ltr'>barbari</span> <span class='ocrx_word' id='word_1_783' title='bbox 1559 3314 1809 3373; x_wconf 79' lang='lat' dir='ltr'>mossynmooramde</span> 
     </span>
     <span class='ocr_line' id='line_1_107' title="bbox 1059 3378 1809 3441; baseline 0.009 -15"><span class='ocrx_word' id='word_1_784' title='bbox 1059 3378 1205 3427; x_wconf 86' lang='lat' dir='ltr'>scribuntm.</span> <span class='ocrx_word' id='word_1_785' title='bbox 1217 3401 1247 3411; x_wconf 90' lang='lat'><em>-</em></span> <span class='ocrx_word' id='word_1_786' title='bbox 1257 3380 1315 3425; x_wconf 82' lang='lat' dir='ltr'>Gar.</span> <span class='ocrx_word' id='word_1_787' title='bbox 1328 3382 1359 3427; x_wconf 87' lang='lat' dir='ltr'>v.</span> <span class='ocrx_word' id='word_1_788' title='bbox 1370 3384 1575 3441; x_wconf 77' lang='lat' dir='ltr'>llossynmcomm</span> <span class='ocrx_word' id='word_1_789' title='bbox 1587 3386 1650 3430; x_wconf 88' lang='lat' dir='ltr'>terra</span> <span class='ocrx_word' id='word_1_790' title='bbox 1659 3389 1716 3433; x_wconf 88' lang='lat' dir='ltr'>octo</span> <span class='ocrx_word' id='word_1_791' title='bbox 1726 3385 1809 3433; x_wconf 89' lang='lat' dir='ltr'>eastris</span> 
     </span>
     <span class='ocr_line' id='line_1_108' title="bbox 1059 3450 1808 3513; baseline 0.012 -18"><span class='ocrx_word' id='word_1_792' title='bbox 1059 3454 1195 3511; x_wconf 84' lang='lat' dir='ltr'>peragrata,</span> <span class='ocrx_word' id='word_1_793' title='bbox 1217 3451 1300 3509; x_wconf 66' lang='lat' dir='ltr'>amum</span> <span class='ocrx_word' id='word_1_794' title='bbox 1320 3450 1455 3512; x_wconf 85' lang='lat' dir='ltr'>Chalybum</span> <span class='ocrx_word' id='word_1_795' title='bbox 1477 3453 1631 3513; x_wconf 84' lang='lat' dir='ltr'>transgressi,</span> <span class='ocrx_word' id='word_1_796' title='bbox 1658 3457 1761 3504; x_wconf 83' lang='lat' dir='ltr'>reninnt</span> <span class='ocrx_word' id='word_1_797' title='bbox 1785 3456 1808 3503; x_wconf 92' lang='lat' dir='ltr'>in</span> 
     </span>
     <span class='ocr_line' id='line_1_109' title="bbox 1059 3518 1810 3585; baseline 0.008 -16"><span class='ocrx_word' id='word_1_798' title='bbox 1059 3518 1119 3569; x_wconf 80' lang='lat' dir='ltr'>unes</span> <span class='ocrx_word' id='word_1_799' title='bbox 1126 3519 1310 3581; x_wconf 81' lang='lat' dir='ltr'>Tibarenomm,</span> <span class='ocrx_word' id='word_1_800' title='bbox 1318 3520 1462 3581; x_wconf 88' lang='lat' dir='ltr'>quibuscum</span> <span class='ocrx_word' id='word_1_801' title='bbox 1468 3521 1499 3570; x_wconf 89' lang='lat' dir='ltr'>de</span> <span class='ocrx_word' id='word_1_802' title='bbox 1506 3522 1659 3585; x_wconf 85' lang='lat' dir='ltr'>haruspicum</span> <span class='ocrx_word' id='word_1_803' title='bbox 1670 3526 1810 3575; x_wconf 83' lang='lat' dir='ltr'>auctoritate</span> 
     </span>
     <span class='ocr_line' id='line_1_110' title="bbox 1060 3590 1809 3654; baseline 0.009 -16"><span class='ocrx_word' id='word_1_804' title='bbox 1060 3590 1140 3640; x_wconf 75' lang='lat' dir='ltr'>fedus</span> <span class='ocrx_word' id='word_1_805' title='bbox 1157 3590 1260 3651; x_wconf 87' lang='lat' dir='ltr'>faciunt,</span> <span class='ocrx_word' id='word_1_806' title='bbox 1274 3595 1299 3640; x_wconf 89' lang='lat' dir='ltr'>et</span> <span class='ocrx_word' id='word_1_807' title='bbox 1315 3590 1389 3639; x_wconf 90' lang='lat' dir='ltr'>biduo</span> <span class='ocrx_word' id='word_1_808' title='bbox 1400 3598 1455 3654; x_wconf 90' lang='lat' dir='ltr'>post</span> <span class='ocrx_word' id='word_1_809' title='bbox 1470 3592 1500 3639; x_wconf 93' lang='lat' dir='ltr'>ad</span> <span class='ocrx_word' id='word_1_810' title='bbox 1515 3595 1619 3653; x_wconf 85' lang='lat' dir='ltr'>Cotyora</span> <span class='ocrx_word' id='word_1_811' title='bbox 1634 3594 1719 3644; x_wconf 90' lang='lat' dir='ltr'>urbem</span> <span class='ocrx_word' id='word_1_812' title='bbox 1737 3597 1809 3645; x_wconf 91' lang='lat' dir='ltr'>adre-</span> 
     </span>
     <span class='ocr_line' id='line_1_111' title="bbox 1061 3659 1809 3727; baseline 0.005 -17"><span class='ocrx_word' id='word_1_813' title='bbox 1061 3661 1131 3710; x_wconf 91' lang='lat' dir='ltr'>ninnt</span> <span class='ocrx_word' id='word_1_814' title='bbox 1141 3675 1147 3709; x_wconf 86' lang='grc'>;</span> <span class='ocrx_word' id='word_1_815' title='bbox 1159 3660 1199 3709; x_wconf 92' lang='lat' dir='ltr'>nbi</span> <span class='ocrx_word' id='word_1_816' title='bbox 1211 3672 1253 3722; x_wconf 93' lang='lat' dir='ltr'>per</span> <span class='ocrx_word' id='word_1_817' title='bbox 1262 3659 1314 3709; x_wconf 87' lang='lat' dir='ltr'>dies</span> <span class='ocrx_word' id='word_1_818' title='bbox 1327 3661 1434 3724; x_wconf 91' lang='lat' dir='ltr'>quinque</span> <span class='ocrx_word' id='word_1_819' title='bbox 1446 3666 1472 3711; x_wconf 90' lang='lat' dir='ltr'>et</span> <span class='ocrx_word' id='word_1_820' title='bbox 1483 3662 1641 3724; x_wconf 83' lang='lat' dir='ltr'>qnadraginta</span> <span class='ocrx_word' id='word_1_821' title='bbox 1653 3669 1809 3727; x_wconf 88' lang='lat' dir='ltr'>commorati,</span> 
     </span>
     <span class='ocr_line' id='line_1_112' title="bbox 1060 3731 1811 3799; baseline 0.008 -19"><span class='ocrx_word' id='word_1_822' title='bbox 1060 3736 1222 3781; x_wconf 87' lang='lat' dir='ltr'>commeatum</span> <span class='ocrx_word' id='word_1_823' title='bbox 1247 3731 1334 3793; x_wconf 91' lang='lat' dir='ltr'>partim</span> <span class='ocrx_word' id='word_1_824' title='bbox 1354 3745 1385 3781; x_wconf 81' lang='lat' dir='ltr'>ea</span> <span class='ocrx_word' id='word_1_825' title='bbox 1406 3733 1509 3781; x_wconf 87' lang='lat' dir='ltr'>finitima</span> <span class='ocrx_word' id='word_1_826' title='bbox 1530 3734 1703 3797; x_wconf 77' lang='lat' dir='ltr'>Paphlagonia,</span> <span class='ocrx_word' id='word_1_827' title='bbox 1725 3738 1811 3799; x_wconf 90' lang='lat' dir='ltr'>partim</span> 
     </span>
     <span class='ocr_line' id='line_1_113' title="bbox 1061 3801 1810 3867; baseline 0.005 -17"><span class='ocrx_word' id='word_1_828' title='bbox 1061 3814 1091 3851; x_wconf 87' lang='lat' dir='ltr'>ex</span> <span class='ocrx_word' id='word_1_829' title='bbox 1101 3801 1207 3863; x_wconf 88' lang='lat' dir='ltr'>ipsorum</span> <span class='ocrx_word' id='word_1_830' title='bbox 1216 3802 1399 3862; x_wconf 87' lang='lat' dir='ltr'>cotyorensium</span> <span class='ocrx_word' id='word_1_831' title='bbox 1408 3803 1471 3863; x_wconf 84' lang='lat' dir='ltr'>agris</span> <span class='ocrx_word' id='word_1_832' title='bbox 1481 3802 1610 3866; x_wconf 77' lang='lat' dir='ltr'>praedando</span> <span class='ocrx_word' id='word_1_833' title='bbox 1619 3804 1666 3853; x_wconf 88' lang='lat' dir='ltr'>sibi</span> <span class='ocrx_word' id='word_1_834' title='bbox 1674 3807 1810 3867; x_wconf 82' lang='lat' dir='ltr'>arqnimnt.</span> 
     </span>
     <span class='ocr_line' id='line_1_114' title="bbox 1062 3868 1812 3934; baseline 0.005 -13"><span class='ocrx_word' id='word_1_835' title='bbox 1062 3869 1229 3932; x_wconf 88' lang='lat' dir='ltr'>Sinopensium</span> <span class='ocrx_word' id='word_1_836' title='bbox 1242 3868 1320 3930; x_wconf 87' lang='lat' dir='ltr'>legato</span> <span class='ocrx_word' id='word_1_837' title='bbox 1335 3869 1365 3918; x_wconf 92' lang='lat' dir='ltr'>de</span> <span class='ocrx_word' id='word_1_838' title='bbox 1385 3871 1471 3931; x_wconf 75' lang='lat' dir='ltr'>injuria</span> <span class='ocrx_word' id='word_1_839' title='bbox 1489 3874 1677 3934; x_wconf 78' lang='lat' dir='ltr'>Cotyorensibus</span> <span class='ocrx_word' id='word_1_840' title='bbox 1696 3875 1763 3924; x_wconf 89' lang='lat' dir='ltr'>illata</span> <span class='ocrx_word' id='word_1_841' title='bbox 1780 3880 1812 3924; x_wconf 84' lang='lat' dir='ltr'>te</span> 
     </span>
     <span class='ocr_line' id='line_1_115' title="bbox 1061 3940 1812 4007; baseline 0.007 -18"><span class='ocrx_word' id='word_1_842' title='bbox 1061 3953 1128 3989; x_wconf 90' lang='lat' dir='ltr'>mere</span> <span class='ocrx_word' id='word_1_843' title='bbox 1140 3940 1249 4001; x_wconf 90' lang='lat' dir='ltr'>querenti</span> <span class='ocrx_word' id='word_1_844' title='bbox 1263 3944 1288 3987; x_wconf 91' lang='lat' dir='ltr'>et</span> <span class='ocrx_word' id='word_1_845' title='bbox 1299 3941 1390 3989; x_wconf 79' lang='lat' dir='ltr'>Graecis</span> <span class='ocrx_word' id='word_1_846' title='bbox 1399 3942 1474 3990; x_wconf 88' lang='lat' dir='ltr'>stulte</span> <span class='ocrx_word' id='word_1_847' title='bbox 1484 3942 1605 3991; x_wconf 81' lang='lat' dir='ltr'>minitanti</span> <span class='ocrx_word' id='word_1_848' title='bbox 1616 3945 1750 4006; x_wconf 75' lang='lat' dir='ltr'>Xenophon</span> <span class='ocrx_word' id='word_1_849' title='bbox 1762 3960 1812 4007; x_wconf 87' lang='lat' dir='ltr'>gra·</span> 
     </span>
     <span class='ocr_line' id='line_1_116' title="bbox 1062 4008 1811 4077; baseline 0.008 -19"><span class='ocrx_word' id='word_1_850' title='bbox 1062 4011 1133 4069; x_wconf 86' lang='lat' dir='ltr'>riter,</span> <span class='ocrx_word' id='word_1_851' title='bbox 1149 4008 1222 4057; x_wconf 89' lang='lat' dir='ltr'>libere</span> <span class='ocrx_word' id='word_1_852' title='bbox 1237 4013 1262 4057; x_wconf 90' lang='lat' dir='ltr'>et</span> <span class='ocrx_word' id='word_1_853' title='bbox 1273 4009 1386 4059; x_wconf 86' lang='lat' dir='ltr'>audacter</span> <span class='ocrx_word' id='word_1_854' title='bbox 1401 4011 1545 4073; x_wconf 88' lang='lat' dir='ltr'>respondet,</span> <span class='ocrx_word' id='word_1_855' title='bbox 1557 4019 1582 4062; x_wconf 89' lang='lat' dir='ltr'>et</span> <span class='ocrx_word' id='word_1_856' title='bbox 1597 4014 1658 4063; x_wconf 87' lang='lat' dir='ltr'>adeo</span> <span class='ocrx_word' id='word_1_857' title='bbox 1673 4015 1765 4077; x_wconf 88' lang='lat' dir='ltr'>legatos</span> <span class='ocrx_word' id='word_1_858' title='bbox 1780 4014 1811 4063; x_wconf 90' lang='lat' dir='ltr'>ad</span> 
     </span>
     <span class='ocr_line' id='line_1_117' title="bbox 1062 4079 1813 4145; baseline 0.008 -17"><span class='ocrx_word' id='word_1_859' title='bbox 1062 4079 1191 4145; x_wconf 78' lang='lat' dir='ltr'>meliorem</span> <span class='ocrx_word' id='word_1_860' title='bbox 1203 4083 1309 4126; x_wconf 74' lang='lat' dir='ltr'>menmm</span> <span class='ocrx_word' id='word_1_861' title='bbox 1328 4082 1433 4128; x_wconf 82' lang='lat' dir='ltr'>revocat.</span> <span class='ocrx_word' id='word_1_862' title='bbox 1452 4106 1484 4116; x_wconf 94' lang='lat'><em>-</em></span> <span class='ocrx_word' id='word_1_863' title='bbox 1502 4084 1561 4130; x_wconf 85' lang='lat' dir='ltr'>car.</span> <span class='ocrx_word' id='word_1_864' title='bbox 1579 4085 1622 4131; x_wconf 86' lang='lat' dir='ltr'>vl.</span> <span class='ocrx_word' id='word_1_865' title='bbox 1642 4086 1678 4133; x_wconf 89' lang='lat' dir='ltr'>De</span> <span class='ocrx_word' id='word_1_866' title='bbox 1694 4086 1813 4134; x_wconf 85' lang='lat' dir='ltr'>sententia</span> 
     </span>
     <span class='ocr_line' id='line_1_118' title="bbox 1062 4146 1813 4208; baseline 0.005 -13"><span class='ocrx_word' id='word_1_867' title='bbox 1062 4146 1134 4207; x_wconf 91' lang='lat' dir='ltr'>legati</span> <span class='ocrx_word' id='word_1_868' title='bbox 1151 4146 1317 4208; x_wconf 83' lang='lat' dir='ltr'>Sinopensium</span> <span class='ocrx_word' id='word_1_869' title='bbox 1332 4147 1459 4208; x_wconf 82' lang='lat' dir='ltr'>praefertur</span> <span class='ocrx_word' id='word_1_870' title='bbox 1474 4148 1520 4197; x_wconf 91' lang='lat' dir='ltr'>iter</span> <span class='ocrx_word' id='word_1_871' title='bbox 1540 4150 1688 4199; x_wconf 76' lang='lat' dir='ltr'>maritimum</span> <span class='ocrx_word' id='word_1_872' title='bbox 1704 4154 1813 4202; x_wconf 83' lang='lat' dir='ltr'>terrestri</span> 
     </span>
     <span class='ocr_line' id='line_1_119' title="bbox 1063 4216 1813 4279; baseline 0.009 -16"><span class='ocrx_word' id='word_1_873' title='bbox 1063 4230 1106 4278; x_wconf 93' lang='lat' dir='ltr'>per</span> <span class='ocrx_word' id='word_1_874' title='bbox 1120 4216 1312 4279; x_wconf 85' lang='lat' dir='ltr'>Paphlagoniam.</span> <span class='ocrx_word' id='word_1_875' title='bbox 1344 4218 1510 4279; x_wconf 81' lang='lat' dir='ltr'>xenophontis</span> <span class='ocrx_word' id='word_1_876' title='bbox 1525 4220 1654 4269; x_wconf 76' lang='lat' dir='ltr'>roridlium</span> <span class='ocrx_word' id='word_1_877' title='bbox 1664 4221 1697 4271; x_wconf 90' lang='lat' dir='ltr'>de</span> <span class='ocrx_word' id='word_1_878' title='bbox 1711 4224 1773 4272; x_wconf 90' lang='lat' dir='ltr'>urbe</span> <span class='ocrx_word' id='word_1_879' title='bbox 1789 4224 1813 4271; x_wconf 89' lang='lat' dir='ltr'>in</span> 
     </span>
     <span class='ocr_line' id='line_1_120' title="bbox 1063 4286 1815 4355; baseline 0.008 -20"><span class='ocrx_word' id='word_1_880' title='bbox 1063 4289 1139 4336; x_wconf 91' lang='lat' dir='ltr'>Ponto</span> <span class='ocrx_word' id='word_1_881' title='bbox 1148 4286 1271 4334; x_wconf 87' lang='lat' dir='ltr'>condenda</span> <span class='ocrx_word' id='word_1_882' title='bbox 1281 4286 1448 4349; x_wconf 85' lang='lat' dir='ltr'>comprobatur</span> <span class='ocrx_word' id='word_1_883' title='bbox 1460 4288 1643 4350; x_wconf 70' lang='lat' dir='ltr'>quaternariis,</span> <span class='ocrx_word' id='word_1_884' title='bbox 1656 4292 1698 4340; x_wconf 85' lang='lat' dir='ltr'>sed</span> <span class='ocrx_word' id='word_1_885' title='bbox 1714 4293 1815 4355; x_wconf 84' lang='lat' dir='ltr'>impedi·</span> 
     </span>
     <span class='ocr_line' id='line_1_121' title="bbox 1063 4356 1813 4425; baseline 0.011 -22"><span class='ocrx_word' id='word_1_886' title='bbox 1063 4360 1104 4420; x_wconf 81' lang='lat' dir='ltr'>tqr</span> <span class='ocrx_word' id='word_1_887' title='bbox 1117 4368 1173 4404; x_wconf 90' lang='lat' dir='ltr'>cum</span> <span class='ocrx_word' id='word_1_888' title='bbox 1182 4356 1255 4405; x_wconf 86' lang='lat' dir='ltr'>Silani</span> <span class='ocrx_word' id='word_1_889' title='bbox 1262 4356 1326 4405; x_wconf 85' lang='lat' dir='ltr'>ratis</span> <span class='ocrx_word' id='word_1_890' title='bbox 1337 4356 1392 4405; x_wconf 91' lang='lat' dir='ltr'>dolo</span> <span class='ocrx_word' id='word_1_891' title='bbox 1403 4369 1432 4405; x_wconf 88' lang='lat' dir='ltr'>ac</span> <span class='ocrx_word' id='word_1_892' title='bbox 1442 4358 1574 4419; x_wconf 84' lang='lat' dir='ltr'>calumnia,</span> <span class='ocrx_word' id='word_1_893' title='bbox 1585 4362 1640 4408; x_wconf 88' lang='lat' dir='ltr'>tum</span> <span class='ocrx_word' id='word_1_894' title='bbox 1651 4360 1742 4411; x_wconf 61' lang='lat' dir='ltr'>mum</span> <span class='ocrx_word' id='word_1_895' title='bbox 1756 4371 1813 4425; x_wconf 89' lang='lat' dir='ltr'>qno·</span> 
     </span>
     <span class='ocr_line' id='line_1_122' title="bbox 1063 4424 1813 4491; baseline 0.008 -17"><span class='ocrx_word' id='word_1_896' title='bbox 1063 4424 1165 4474; x_wconf 87' lang='lat' dir='ltr'>modam</span> <span class='ocrx_word' id='word_1_897' title='bbox 1178 4424 1278 4485; x_wconf 84' lang='lat' dir='ltr'>invidia,</span> <span class='ocrx_word' id='word_1_898' title='bbox 1288 4430 1361 4488; x_wconf 88' lang='lat' dir='ltr'>atque</span> <span class='ocrx_word' id='word_1_899' title='bbox 1374 4427 1444 4476; x_wconf 86' lang='lat' dir='ltr'>ranis</span> <span class='ocrx_word' id='word_1_900' title='bbox 1457 4428 1649 4478; x_wconf 81' lang='lat' dir='ltr'>Heracleotarum</span> <span class='ocrx_word' id='word_1_901' title='bbox 1665 4430 1813 4491; x_wconf 86' lang='lat' dir='ltr'>pollicitatio-</span> 
     </span>
     <span class='ocr_line' id='line_1_123' title="bbox 1063 4494 1815 4560; baseline 0.008 -17"><span class='ocrx_word' id='word_1_902' title='bbox 1063 4494 1135 4544; x_wconf 82' lang='lat' dir='ltr'>nibus</span> <span class='ocrx_word' id='word_1_903' title='bbox 1156 4494 1187 4543; x_wconf 91' lang='lat' dir='ltr'>de</span> <span class='ocrx_word' id='word_1_904' title='bbox 1204 4494 1331 4556; x_wconf 88' lang='lat' dir='ltr'>stipendio.</span> <span class='ocrx_word' id='word_1_905' title='bbox 1364 4496 1435 4545; x_wconf 85' lang='lat' dir='ltr'>cedit</span> <span class='ocrx_word' id='word_1_906' title='bbox 1454 4497 1541 4558; x_wconf 84' lang='lat' dir='ltr'>igitur;</span> <span class='ocrx_word' id='word_1_907' title='bbox 1559 4503 1585 4547; x_wconf 86' lang='lat' dir='ltr'>et</span> <span class='ocrx_word' id='word_1_908' title='bbox 1609 4504 1693 4548; x_wconf 90' lang='lat' dir='ltr'>auctor</span> <span class='ocrx_word' id='word_1_909' title='bbox 1720 4501 1765 4560; x_wconf 87' lang='lat' dir='ltr'>lit,</span> <span class='ocrx_word' id='word_1_910' title='bbox 1788 4505 1815 4548; x_wconf 90' lang='lat' dir='ltr'>nt</span> 
     </span>
     <span class='ocr_line' id='line_1_124' title="bbox 1064 4564 1815 4627; baseline 0.005 -13"><span class='ocrx_word' id='word_1_911' title='bbox 1064 4565 1169 4614; x_wconf 80' lang='lat' dir='ltr'>uniuersi</span> <span class='ocrx_word' id='word_1_912' title='bbox 1179 4564 1250 4613; x_wconf 92' lang='lat' dir='ltr'>simul</span> <span class='ocrx_word' id='word_1_913' title='bbox 1260 4565 1448 4627; x_wconf 82' lang='lat' dir='ltr'>proficiscantur,</span> <span class='ocrx_word' id='word_1_914' title='bbox 1458 4566 1533 4616; x_wconf 89' lang='lat' dir='ltr'>inrito</span> <span class='ocrx_word' id='word_1_915' title='bbox 1544 4568 1631 4617; x_wconf 86' lang='lat' dir='ltr'>Silano.</span> <span class='ocrx_word' id='word_1_916' title='bbox 1664 4572 1727 4618; x_wconf 84' lang='lat' dir='ltr'>Tum</span> <span class='ocrx_word' id='word_1_917' title='bbox 1739 4583 1815 4618; x_wconf 84' lang='lat' dir='ltr'>nares</span> 
     </span>
     <span class='ocr_line' id='line_1_125' title="bbox 1063 4632 1814 4701; baseline 0.004 -19"><span class='ocrx_word' id='word_1_918' title='bbox 1063 4634 1161 4697; x_wconf 88' lang='lat' dir='ltr'>quidem</span> <span class='ocrx_word' id='word_1_919' title='bbox 1172 4632 1271 4682; x_wconf 90' lang='lat' dir='ltr'>mittunt</span> <span class='ocrx_word' id='word_1_920' title='bbox 1280 4635 1439 4696; x_wconf 79' lang='lat' dir='ltr'>Heracleotae,</span> <span class='ocrx_word' id='word_1_921' title='bbox 1450 4636 1492 4685; x_wconf 89' lang='lat' dir='ltr'>sed</span> <span class='ocrx_word' id='word_1_922' title='bbox 1505 4638 1613 4698; x_wconf 77' lang='lat' dir='ltr'>pecuniae</span> <span class='ocrx_word' id='word_1_923' title='bbox 1624 4638 1654 4687; x_wconf 89' lang='lat' dir='ltr'>ad</span> <span class='ocrx_word' id='word_1_924' title='bbox 1666 4638 1814 4701; x_wconf 89' lang='lat' dir='ltr'>stipendium</span> 
     </span>
     <span class='ocr_line' id='line_1_126' title="bbox 1063 4702 1816 4768; baseline 0.005 -16"><span class='ocrx_word' id='word_1_925' title='bbox 1063 4703 1130 4753; x_wconf 90' lang='lat' dir='ltr'>nibil.</span> <span class='ocrx_word' id='word_1_926' title='bbox 1164 4703 1225 4752; x_wconf 84' lang='lat' dir='ltr'>ilinc</span> <span class='ocrx_word' id='word_1_927' title='bbox 1245 4702 1319 4753; x_wconf 86' lang='lat' dir='ltr'>duces</span> <span class='ocrx_word' id='word_1_928' title='bbox 1336 4703 1389 4766; x_wconf 87' lang='lat' dir='ltr'>isti,</span> <span class='ocrx_word' id='word_1_929' title='bbox 1411 4706 1453 4767; x_wconf 91' lang='lat' dir='ltr'>qni</span> <span class='ocrx_word' id='word_1_930' title='bbox 1476 4719 1543 4768; x_wconf 89' lang='lat' dir='ltr'>spem</span> <span class='ocrx_word' id='word_1_931' title='bbox 1566 4706 1602 4757; x_wconf 83' lang='lat' dir='ltr'>rel</span> <span class='ocrx_word' id='word_1_932' title='bbox 1619 4712 1689 4756; x_wconf 87' lang='lat' dir='ltr'>antea</span> <span class='ocrx_word' id='word_1_933' title='bbox 1710 4709 1816 4758; x_wconf 76' lang='lat' dir='ltr'>fererant</span> 
     </span>
     <span class='ocr_line' id='line_1_127' title="bbox 1064 4772 1815 4838; baseline 0.004 -16"><span class='ocrx_word' id='word_1_934' title='bbox 1064 4772 1194 4833; x_wconf 89' lang='lat' dir='ltr'>militibus,</span> <span class='ocrx_word' id='word_1_935' title='bbox 1211 4777 1320 4830; x_wconf 89' lang='lat' dir='ltr'>metunt,</span> <span class='ocrx_word' id='word_1_936' title='bbox 1339 4773 1496 4836; x_wconf 88' lang='lat' dir='ltr'>aperiuntque</span> <span class='ocrx_word' id='word_1_937' title='bbox 1513 4777 1679 4838; x_wconf 79' lang='lat' dir='ltr'>Xenophonti,</span> <span class='ocrx_word' id='word_1_938' title='bbox 1691 4778 1739 4826; x_wconf 91' lang='lat' dir='ltr'>sibi</span> <span class='ocrx_word' id='word_1_939' title='bbox 1750 4790 1815 4827; x_wconf 86' lang='lat' dir='ltr'>aurio</span> 
     </span>
     <span class='ocr_line' id='line_1_128' title="bbox 1063 4840 1810 4909; baseline 0.005 -17"><span class='ocrx_word' id='word_1_940' title='bbox 1063 4844 1155 4907; x_wconf 90' lang='lat' dir='ltr'>placere</span> <span class='ocrx_word' id='word_1_941' title='bbox 1172 4840 1224 4904; x_wconf 77' lang='lat' dir='ltr'>etas</span> <span class='ocrx_word' id='word_1_942' title='bbox 1244 4842 1371 4891; x_wconf 88' lang='lat' dir='ltr'>eonsilium</span> <span class='ocrx_word' id='word_1_943' title='bbox 1391 4843 1422 4891; x_wconf 90' lang='lat' dir='ltr'>de</span> <span class='ocrx_word' id='word_1_944' title='bbox 1438 4844 1537 4893; x_wconf 86' lang='lat' dir='ltr'>aedibus</span> <span class='ocrx_word' id='word_1_945' title='bbox 1552 4846 1577 4894; x_wconf 92' lang='lat' dir='ltr'>in</span> <span class='ocrx_word' id='word_1_946' title='bbox 1602 4850 1680 4897; x_wconf 87' lang='lat' dir='ltr'>Ponto</span> <span class='ocrx_word' id='word_1_947' title='bbox 1699 4848 1810 4909; x_wconf 77' lang='lat' dir='ltr'>figendis.</span> 
     </span>
     <span class='ocr_line' id='line_1_129' title="bbox 1064 4911 1817 4978; baseline 0.005 -16"><span class='ocrx_word' id='word_1_948' title='bbox 1064 4917 1143 4972; x_wconf 87' lang='lat' dir='ltr'>Quare</span> <span class='ocrx_word' id='word_1_949' title='bbox 1154 4926 1209 4964; x_wconf 91' lang='lat' dir='ltr'>cnm</span> <span class='ocrx_word' id='word_1_950' title='bbox 1226 4924 1252 4961; x_wconf 89' lang='lat' dir='ltr'>se</span> <span class='ocrx_word' id='word_1_951' title='bbox 1268 4925 1320 4959; x_wconf 91' lang='lat' dir='ltr'>rem</span> <span class='ocrx_word' id='word_1_952' title='bbox 1336 4911 1368 4960; x_wconf 92' lang='lat' dir='ltr'>ad</span> <span class='ocrx_word' id='word_1_953' title='bbox 1379 4912 1468 4963; x_wconf 90' lang='lat' dir='ltr'>milites</span> <span class='ocrx_word' id='word_1_954' title='bbox 1483 4914 1614 4964; x_wconf 86' lang='lat' dir='ltr'>relaturum</span> <span class='ocrx_word' id='word_1_955' title='bbox 1630 4928 1685 4965; x_wconf 89' lang='lat' dir='ltr'>esse</span> <span class='ocrx_word' id='word_1_956' title='bbox 1702 4923 1817 4978; x_wconf 86' lang='lat' dir='ltr'>negasset</span> 
     </span>
     <span class='ocr_line' id='line_1_130' title="bbox 1063 4982 1817 5047; baseline 0.003 -13"><span class='ocrx_word' id='word_1_957' title='bbox 1063 4984 1196 5047; x_wconf 84' lang='lat' dir='ltr'>xenophon</span> <span class='ocrx_word' id='word_1_958' title='bbox 1209 4998 1215 5029; x_wconf 92' lang='lat'>:</span> <span class='ocrx_word' id='word_1_959' title='bbox 1229 4982 1269 5031; x_wconf 86' lang='lat' dir='ltr'>isti</span> <span class='ocrx_word' id='word_1_960' title='bbox 1280 4982 1326 5044; x_wconf 90' lang='lat' dir='ltr'>ipsi</span> <span class='ocrx_word' id='word_1_961' title='bbox 1334 4982 1439 5045; x_wconf 91' lang='lat' dir='ltr'>primum</span> <span class='ocrx_word' id='word_1_962' title='bbox 1451 4984 1564 5045; x_wconf 81' lang='lat' dir='ltr'>locbagos</span> <span class='ocrx_word' id='word_1_963' title='bbox 1576 4986 1601 5033; x_wconf 89' lang='lat' dir='ltr'>in</span> <span class='ocrx_word' id='word_1_964' title='bbox 1615 4999 1684 5035; x_wconf 88' lang='lat' dir='ltr'>snam</span> <span class='ocrx_word' id='word_1_965' title='bbox 1693 4987 1817 5037; x_wconf 87' lang='lat' dir='ltr'>adducere</span> 
     </span>
     <span class='ocr_line' id='line_1_131' title="bbox 1064 5054 1816 5112; baseline 0.004 -9"><span class='ocrx_word' id='word_1_966' title='bbox 1064 5054 1207 5103; x_wconf 86' lang='lat' dir='ltr'>sententiam</span> <span class='ocrx_word' id='word_1_967' title='bbox 1219 5059 1343 5102; x_wconf 87' lang='lat' dir='ltr'>conantur.</span> <span class='ocrx_word' id='word_1_968' title='bbox 1353 5078 1381 5087; x_wconf 85' lang='lat'>-</span> <span class='ocrx_word' id='word_1_969' title='bbox 1398 5055 1458 5102; x_wconf 82' lang='lat' dir='ltr'>cie.</span> <span class='ocrx_word' id='word_1_970' title='bbox 1469 5055 1524 5103; x_wconf 83' lang='lat' dir='ltr'>Vll.</span> <span class='ocrx_word' id='word_1_971' title='bbox 1537 5055 1608 5112; x_wconf 87' lang='lat' dir='ltr'>Quod</span> <span class='ocrx_word' id='word_1_972' title='bbox 1619 5056 1749 5105; x_wconf 86' lang='lat' dir='ltr'>consilinm</span> <span class='ocrx_word' id='word_1_973' title='bbox 1759 5070 1816 5106; x_wconf 89' lang='lat' dir='ltr'>cnm</span> 
     </span>
     <span class='ocr_line' id='line_1_132' title="bbox 1064 5122 1816 5186; baseline 0.007 -15"><span class='ocrx_word' id='word_1_974' title='bbox 1064 5124 1153 5172; x_wconf 86' lang='lat' dir='ltr'>milites</span> <span class='ocrx_word' id='word_1_975' title='bbox 1166 5122 1318 5173; x_wconf 73' lang='lat' dir='ltr'>reedrhsmt</span> <span class='ocrx_word' id='word_1_976' title='bbox 1328 5138 1335 5180; x_wconf 92' lang='lat'>;</span> <span class='ocrx_word' id='word_1_977' title='bbox 1347 5124 1398 5171; x_wconf 85' lang='lat' dir='ltr'>Neo</span> <span class='ocrx_word' id='word_1_978' title='bbox 1412 5124 1609 5174; x_wconf 67' lang='lat' dir='ltr'>uaedamonius</span> <span class='ocrx_word' id='word_1_979' title='bbox 1624 5126 1677 5186; x_wconf 80' lang='lat' dir='ltr'>eius</span> <span class='ocrx_word' id='word_1_980' title='bbox 1689 5131 1816 5176; x_wconf 84' lang='lat' dir='ltr'>auctorem</span> 
     </span>
     <span class='ocr_line' id='line_1_133' title="bbox 1064 5191 1816 5254; baseline 0.003 -12"><span class='ocrx_word' id='word_1_981' title='bbox 1064 5206 1118 5242; x_wconf 85' lang='lat' dir='ltr'>esse</span> <span class='ocrx_word' id='word_1_982' title='bbox 1133 5191 1314 5254; x_wconf 75' lang='lat' dir='ltr'>Xenophontem</span> <span class='ocrx_word' id='word_1_983' title='bbox 1324 5192 1471 5241; x_wconf 88' lang='lat' dir='ltr'>criminator.</span> <span class='ocrx_word' id='word_1_984' title='bbox 1504 5195 1565 5242; x_wconf 84' lang='lat' dir='ltr'>ilinc</span> <span class='ocrx_word' id='word_1_985' title='bbox 1580 5208 1637 5243; x_wconf 86' lang='lat' dir='ltr'>cum</span> <span class='ocrx_word' id='word_1_986' title='bbox 1655 5196 1816 5245; x_wconf 85' lang='lat' dir='ltr'>metuendam</span> 
     </span>
     <span class='ocr_line' id='line_1_134' title="bbox 1064 5260 1817 5330; baseline 0.005 -17"><span class='ocrx_word' id='word_1_987' title='bbox 1064 5267 1143 5324; x_wconf 87' lang='lat' dir='ltr'>esset,</span> <span class='ocrx_word' id='word_1_988' title='bbox 1160 5275 1192 5311; x_wconf 88' lang='lat' dir='ltr'>ue</span> <span class='ocrx_word' id='word_1_989' title='bbox 1202 5262 1252 5311; x_wconf 84' lang='lat' dir='ltr'>rim</span> <span class='ocrx_word' id='word_1_990' title='bbox 1269 5260 1395 5322; x_wconf 85' lang='lat' dir='ltr'>inferrent;</span> <span class='ocrx_word' id='word_1_991' title='bbox 1413 5264 1526 5313; x_wconf 84' lang='lat' dir='ltr'>concione</span> <span class='ocrx_word' id='word_1_992' title='bbox 1537 5265 1755 5327; x_wconf 83' lang='lat' dir='ltr'>advocata,docet</span> <span class='ocrx_word' id='word_1_993' title='bbox 1771 5267 1817 5330; x_wconf 81' lang='lat' dir='ltr'>pri</span> 
     </span>
    </p>
   </div>
   <div class='ocr_carea' id='block_1_15' title="bbox 0 0 1887 5950">
    <p class='ocr_par' dir='ltr' id='par_1_15' title="bbox 0 0 1887 5950">
     <span class='ocr_line' id='line_1_135' title="bbox 0 0 1887 5950; baseline 0 0"><span class='ocrx_word' id='word_1_994' title='bbox 0 0 1887 5950; x_wconf 95' lang='lat' dir='ltr'> </span> 
     </span>
    </p>
   </div>
  </div>
 </body>
</html>
