3725 5950
217 507 277 584 xri]

246 631 364 696 iustitiam
375 633 400 679 et
412 623 596 683 liberalitatem,
612 621 724 680 artesque
733 612 810 677 pariat
823 615 848 661 et
859 608 915 658 alat.
949 605 997 664 op·

248 703 316 766 ponit
336 697 429 750 socrati
439 694 578 746 crItobnlns
592 688 741 740 calamitates
755 678 844 746 quibus
855 679 950 728 cumctm
961 685 1000 722 res

249 776 273 824 iu
282 785 340 834 agro
351 769 458 819 studiose
470 765 542 814 cultae
553 767 577 814 et
587 760 686 811 feliciter
696 756 808 806 florentes
820 751 868 799 sint
879 745 998 797 obnoxie.

248 840 386 903 Respondet
400 839 439 888 ille
449 838 508 888 deos
517 848 571 886 esse
582 829 695 882 colendos
706 831 730 877 et
744 821 874 889 placandos
886 823 912 868 nt
922 830 961 866 res
975 815 1001 863 in

248 921 306 970 agro
334 909 449 972 gerendas
476 917 590 970 pmspero
614 898 742 965 procedere
765 894 875 956 jubeam.
908 887 1001 939 Deinde

248 981 356 1041 repetilis
369 979 507 1029 summatim
524 977 552 1025 iis
562 987 617 1037 qnae
628 976 683 1021 anm
692 969 723 1019 de
732 971 816 1016 natura
827 968 852 1013 et
862 957 1002 1024 prestantia

248 1050 533 1112 agricultnruedisputata
541 1030 1000 1104 mant,cxemplnrneiproponitlscho·

248 1121 341 1180 mecm,
355 1121 400 1170 viri
418 1123 442 1169 cl
456 1115 632 1183 patrisfamilias
652 1109 746 1174 egregii.
762 1134 793 1143 -
814 1104 933 1163 Casii,
946 1101 1001 1148 Vll.

250 1192 351 1239 Narrato
369 1191 490 1252 elegentes
508 1186 644 1246 modoque
663 1177 846 1231 lschomachum
862 1168 1003 1222 convenerit

249 1265 274 1309 et
289 1259 319 1308 ad
337 1261 481 1323 colloquium
498 1254 636 1307 invitaverit
652 1255 776 1308 socrates,
797 1247 837 1295 ille
857 1255 928 1293 annm
945 1252 1001 1288 cnm

250 1342 325 1379 uxore
342 1343 424 1378 recens
440 1335 515 1391 nupta
534 1324 679 1387 audaculum
701 1321 782 1369 narrat
801 1320 825 1365 et
844 1315 877 1364 lta
896 1310 1002 1360 olidum

249 1398 320 1448 bone
337 1399 524 1448 matrisfamilias
537 1409 609 1446 omne
624 1404 743 1456 exponere
757 1386 851 1450 incipit.
884 1385 915 1432 lit
925 1381 1003 1444 prima

249 1470 347 1532 quiden
355 1473 474 1534 praecepta
483 1469 535 1517 haec
547 1470 605 1516 sunt
617 1481 622 1512 :
634 1459 812 1512 materfamilias
824 1457 855 1506 sit
864 1458 1002 1516 temperans

250 1545 274 1590 et
290 1545 371 1602 casta3
388 1541 465 1604 perita
484 1539 559 1588 vestls
575 1532 743 1593 coniciendae,
759 1530 821 1580 lane
835 1523 1003 1576 nacnndeet

250 1612 317 1674 pensi
337 1612 374 1660 sni
385 1613 473 1674 cuique
485 1603 737 1666 braibancenorum
756 1614 795 1652 res
810 1611 826 1649 a
838 1597 892 1647 uiro
903 1595 1003 1644 domam

250 1687 409 1744 comportatas
422 1685 519 1731 tueatur
530 1693 558 1728 ac
567 1679 690 1740 dIspeusct
697 1692 704 1736 ;
717 1674 807 1723 liberos
816 1667 1004 1726 nutdat3iustar

250 1753 337 1814 remote
349 1755 532 1814 apnrttserroet
541 1749 634 1799 ancillas
642 1759 712 1798 suurn
724 1745 810 1806 culqne
825 1753 886 1804 opus
895 1736 1001 1792 tribuat:

251 1834 375 1871 servemm
388 1821 550 1871 valetudinem
564 1822 645 1878 cnret;
661 1814 775 1865 familiam
797 1810 863 1860 domi
874 1807 960 1857 doceat
978 1808 1004 1854 et

250 1891 380 1954 prudenter
390 1892 515 1954 gubernet.
548 1887 680 1940 commode
693 1883 806 1934 Inseritur
816 1883 883 1931 locus
894 1889 1003 1927 commu·

250 1963 288 2012 nis
298 1963 328 2012 de
337 1963 383 2012 fine
390 1962 503 2024 conjugii.
510 1989 541 1997 —
549 1963 606 2010 car.
614 1961 678 2008 VIll.
685 1955 759 2007 Uxori
766 1953 915 2003 demonstrat
923 1946 1002 1998 sache

253 2033 352 2082 machus
372 2033 463 2082 ordinis
483 2045 512 2081 ec
532 2027 696 2092 dispositionis
718 2037 798 2075 rerum
817 2018 1003 2071 domesticamm

250 2102 381 2184 utilitatem
390 2105 414 2152 et
423 2101 586 2163 praestantiam
594 2135 601 2159 ,
608 2101 633 2148 ct
644 2111 687 2162 pro
694 2095 785 2145 mdone
794 2091 884 2142 mium
893 2092 918 2140 et
927 2086 1003 2137 direr-

253 2175 324 2221 srtate
336 2173 439 2235 partium
451 2171 545 2221 aedificii
558 2169 665 2232 assignat
674 2165 783 2216 restibus
794 2163 883 2221 sniis,
901 2159 1003 2219 calcas,

252 2241 339 2324 armis,
352 2242 530 2301 instrumentis,
542 2241 607 2289 vasis
618 2241 670 2288 loca
682 2237 775 2287 idonea.
810 2232 924 2284 Ancillam
937 2242 1004 2293 pena·

251 2325 311 2360 nam
320 2311 492 2362 Ischomachus
503 2316 528 2361 et
537 2325 596 2360 uxor
605 2309 687 2372 legunt
699 2307 799 2371 probam
816 2308 840 2353 ct
850 2302 954 2352 formant
966 2301 1005 2350 ho

252 2387 322 2432 nesta
332 2387 357 2431 et
373 2381 504 2444 indulgenti
515 2381 647 2444 disciplina.
681 2377 728 2428 sed
740 2377 822 2424 monet
830 2372 1005 2423 Ischomachus

252 2452 297 2502 has
315 2464 385 2502 curas
404 2453 501 2504 inutiles
516 2465 583 2513 esse,
600 2451 646 2500 nisi
662 2449 714 2513 ipsa
728 2443 906 2496 materfamilias
923 2456 1005 2493 rernm

253 2521 362 2570 ordinem
379 2526 458 2572 seruet
479 2522 568 2586 :plura
588 2520 659 2570 enim*
672 2519 749 2580 ipsam
774 2514 869 2577 negotia
887 2513 1006 2563 sustinere

253 2594 340 2646 dehere
349 2607 421 2658 qnam
432 2606 521 2644 servm.
532 2620 562 2629 -
573 2595 631 2642 car.
644 2591 690 2652 lx,
703 2591 731 2638 x.
742 2589 825 2636 Narrat
836 2585 1006 2636 Ischomachus

255 2663 375 2726 quomode
392 2677 492 2714 uxorem
509 2661 603 2712 afedei
617 2657 727 2710 locande
745 2661 770 2706 et
781 2656 888 2718 terporis
904 2656 1007 2704 nimium

253 2735 354 2785 ornandi
362 2735 442 2785 stodm
451 2733 678 2784 revocarit—cae.
687 2732 729 2778 ltI.
736 2729 798 2778 Cum
806 2729 917 2776 Socrates
925 2727 1008 2776 audite

255 2805 313 2886 uelit
323 2805 410 2867 quibus
422 2804 491 2854 fectis
503 2801 675 2854 Ischomachus
684 2799 794 2862 perfecte
807 2795 903 2845 obtutis
912 2796 1008 2846 laudem

256 2874 301 2924 sthi
318 2874 450 2938 paraverit,
469 2873 566 2936 exponit
584 2871 637 2931 liic,
651 2869 708 2934 qnia
727 2867 783 2917 felix
801 2868 910 2916 omnium
928 2878 1007 2915 rerum

257 2958 384 2995 successus
398 2958 412 2995 a
428 2945 510 2994 diuino
520 2943 618 2993 numine
630 2940 733 3005 pendeat
741 2951 768 2989 sc
779 2937 884 3003 primum
896 2936 955 2990 deos
969 2950 1008 2988 co

256 3014 319 3077 lere,
329 3014 415 3065 deinde
427 3028 523 3079 operam
538 3015 608 3073 dara,
623 3018 651 3062 ut
663 3011 695 3061 sit
711 3023 809 3073 corpore
821 3022 894 3059 saum
904 3012 930 3058 ct
938 3005 1008 3058 robu-

257 3088 323 3167 stus,
336 3087 364 3133 nt
372 3085 475 3134 honores
486 3086 646 3149 consequatur
654 3082 680 3131 in
693 3081 805 3139 civitate,
818 3078 1008 3129 mesoleutiam

256 3169 388 3237 amicornm
405 3156 450 3205 sihi
470 3156 593 3214 conciliet,
615 3152 717 3203 salntem
737 3152 761 3200 in
785 3151 850 3201 hello
871 3153 968 3199 tueatur
984 3154 1010 3198 et

256 3224 353 3307 mortius
371 3225 470 3275 honeste
481 3226 566 3289 pariat.
584 3250 614 3260 -
628 3225 687 3273 One.
706 3224 760 3270 llll.
771 3220 896 3270 Transitnr
909 3219 940 3268 ad
952 3219 1009 3268 boni

257 3296 330 3376 villici
340 3296 448 3345 rirhrtes.
481 3298 566 3345 Narrat
577 3298 658 3343 annm
671 3290 842 3342 Ischomachus
854 3290 946 3339 villicos
957 3303 975 3338 a
984 3303 1010 3339 se

258 3366 351 3427 legieos
363 3380 425 3429 qnos
441 3371 521 3429 speret
528 3365 573 3414 sibi
583 3363 703 3413 redditum
720 3360 885 3411 iuihenevolos
893 3363 918 3410 et
928 3374 1010 3409 rernm

258 3436 403 3499 agendarum
413 3436 546 3495 studiosos;
559 3433 679 3497 repudiari
688 3432 797 3481 homiues
810 3431 1009 3493 intemperantes,

258 3504 421 3555 somnolentos
440 3504 629 3563 etlibidiunsos;
648 3502 752 3565 reliquos
771 3506 852 3549 antem
869 3500 954 3563 corrigi
969 3505 1011 3549 aut

258 3576 287 3625 ad
298 3576 403 3625 officium
416 3574 522 3625 revocari
529 3575 599 3625 oculo
610 3572 702 3623 domiui
711 3586 775 3635 saepe
787 3572 914 3632 praesentis
922 3576 946 3621 ct
954 3585 1010 3620 cun·

258 3651 300 3729 cta
312 3647 438 3697 lustrantis
449 3662 456 3694 :
468 3672 497 3681 -
513 3649 572 3695 car.
590 3647 656 3695 xlii.
677 3656 761 3693 omues
779 3647 885 3692 ceterum
903 3642 1010 3703 iustitui,

259 3718 331 3779 qrrrd,
344 3716 439 3780 qnando
448 3716 600 3781 etquomodo
610 3728 759 3781 qumqneres
768 3714 800 3763 sil
808 3712 1010 3774 administranda,

259 3794 284 3838 et
293 3793 344 3837 arte
355 3788 414 3837 adeo
426 3788 501 3837 imbui
515 3788 569 3838 aliis
579 3788 656 3837 serris
665 3784 805 3849 imperandi.
837 3788 870 3833 Ut
881 3798 940 3834 vcro
952 3786 1011 3835 lule·

259 3873 314 3921 gros
326 3873 352 3909 se
364 3863 494 3923 praestent,
503 3885 535 3893 —
548 3862 606 3909 Gar.
625 3860 689 3907 lllV.
701 3870 746 3906 nec
765 3856 827 3905 bona
845 3855 895 3905 heri
913 3856 1012 3905 subuer-

260 3935 326 4013 tant,
337 3930 402 3993 leges
413 3930 521 3994 publicas
530 3928 635 3979 ostendit
645 3929 676 3977 ad
689 3928 751 3977 hauc
764 3940 815 3977 rem
825 3927 1013 3985 accommodam

260 4014 285 4050 ru
297 4001 446 4063 nudantem,
454 4014 509 4063 quae
522 3998 678 4061 adjustitiam
688 4010 731 4061 spe
741 3996 893 4060 praedatorum
901 3995 1012 4045 alliciant.

259 4097 291 4105 —
310 4074 369 4121 Gar.
389 4074 442 4121 XV.
462 4068 593 4132 adipatae
613 4067 766 4130 agricultura.
788 4070 906 4128 praecepta
929 4068 1014 4116 nonsit

260 4140 447 4221 Ischomachus,
457 4139 530 4189 ethic
546 4140 651 4202 primurn
668 4135 773 4187 ostendit
784 4135 849 4185 illam
866 4148 909 4198 per
920 4149 949 4185 se
959 4150 1014 4187 esse

261 4212 358 4293 cognitu
374 4210 481 4270 facilem,
493 4213 541 4259 eta
553 4208 649 4259 rusticis
662 4209 694 4257 ob
706 4219 785 4257 mores
801 4206 916 4267 ingenuos
924 4207 1014 4269 quibus

262 4285 311 4361 sint
326 4280 419 4344 prediti
431 4280 532 4330 libenter
542 4278 603 4329 tradi
614 4278 731 4342 quidquid
753 4278 927 4339 Interrogeutur
943 4278 1014 4329 :illos

262 4362 326 4399 enum
338 4350 384 4399 hoc
394 4350 418 4399 ln
428 4364 513 4413 genere
524 4356 638 4413 praestare
655 4348 800 4408 artificibus,
814 4348 857 4410 qni
868 4346 908 4398 vel
924 4347 1015 4398 inuidia

263 4420 300 4471 vel
313 4421 384 4501 lucro·
393 4419 460 4471 ducti
474 4420 583 4471 studiose
592 4421 670 4470 celent
686 4432 741 4483 qnae
758 4420 782 4467 in
791 4431 887 4481 qnaqtm
902 4421 955 4468 acte
966 4420 1016 4471 sim

262 4490 468 4555 prestantissima.
481 4518 511 4527 -
524 4494 583 4541 cnr.
603 4492 668 4539 xvi.
680 4489 823 4552 Disputatur
833 4488 863 4538 de
875 4489 920 4539 soli
930 4495 1016 4541 natura

263 4565 287 4611 et
297 4559 327 4610 de
336 4559 408 4609 modo
415 4560 478 4609 illius
488 4561 673 4623 cognoscendae,
683 4556 810 4621 siquando
817 4572 912 4622 maeque
924 4562 1016 4612 ratione

262 4630 448 4712 novalisndebeat
457 4630 674 4691 exerceri,moueri
681 4634 705 4680 st
715 4629 818 4693 pnrgari.
829 4656 860 4665 -
870 4633 929 4680 car.
940 4623 1014 4683 livii.

263 4704 300 4753 De
317 4704 410 4751 satione
422 4702 547 4751 traduntur
565 4701 619 4751 haec
635 4700 799 4750 :dementum
817 4713 872 4749 esse
888 4702 1016 4753 serendum

263 4774 421 4855 materonum
442 4772 519 4822 solutu
544 4771 628 4835 pluvia
651 4775 757 4834 tempore
772 4770 881 4821 autumni
905 4772 964 4822 satin
984 4774 1017 4823 sit

264 4844 401 4927 irrigatum,
410 4843 483 4907 idque
491 4844 562 4893 varim
571 4844 732 4907 temporibns;
742 4844 813 4891 terre
820 4842 923 4895 tenuiori
935 4843 1016 4894 mium

264 4928 363 4965 seminus
372 4914 533 4965 mandandum
545 4928 610 4976 essm
623 4914 697 4976 segeti
705 4911 831 4976 iojicIenda
840 4925 894 4963 esse
905 4914 1015 4976 ιιιιιιΙι,

264 4998 367 5067 quorum
379 5000 438 5035 usus
454 4986 593 5049 explicatur.
606 5012 637 5021 —
649 4988 708 5036 car.
726 4986 814 5035 llvlll.
832 4984 956 5045 Agiturde
966 4985 1016 5034 fru-

264 5058 340 5105 meuti
355 5057 540 5137 praeparatione,
558 5068 613 5119 quse
634 5056 740 5105 cernitur
756 5054 781 5103 in
803 5054 929 5117 metendo,
946 5055 1016 5105 trltn·

266 5124 340 5175 raudo
351 5138 393 5187 per
403 5130 525 5190 sumena,
541 5129 568 5176 et
583 5124 720 5176 renotanda
731 5138 773 5189 per
783 5126 973 5177 uentilatIouem.
985 5151 1016 5162 -

266 5198 325 5249 cur.
336 5200 400 5247 lilll.
412 5202 448 5247 De
456 5197 682 5258 rationcarbornm,
696 5196 805 5260 inprimis
814 5197 915 5259 vittam,
927 5196 1016 5246 mnam

266 5270 291 5317 ct
304 5266 410 5317 olearum
428 5266 611 5331 plantandarum
622 5268 733 5331 quudm
746 5266 881 5329 traduntur,
894 5266 970 5318 ueluti
986 5265 1017 5316 de

795 473 971 544 coNvivli
992 464 1246 532 ARGUMENTA.

1074 606 1186 645 mensura
1195 589 1322 646 scmhom,
1331 584 1363 634 de
1371 585 1457 632 statura
1465 577 1509 628 soli
1516 613 1523 638 ,
1531 574 1563 626 de
1572 569 1653 636 planta
1660 572 1730 618 terrm
1737 557 1829 614 Immit·
1838 530 1841 534 Δ

1075 654 1400 720 tendaetterreaggcrcuda.
1434 653 1543 702 socrates
1551 645 1624 706 igitur
1632 654 1689 692 cum
1697 639 1830 688 miraretur

1075 735 1140 800 qnod
1149 735 1202 783 haec
1216 731 1266 793 jam
1281 727 1411 785 tenuisset,
1423 731 1526 783 cumque
1543 715 1705 778 suspimretnr
1725 707 1772 756 sibi
1795 704 1830 752 de

1075 807 1161 858 ceteris
1177 815 1273 866 quoquae
1283 797 1376 850 artibus
1388 797 1506 858 pneoepta
1514 787 1608 849 cognita
1618 795 1672 834 esse
1685 796 1691 828 ε
1703 779 1830 829 Ischoma-

1074 879 1136 928 chus
1154 874 1277 924 ooufrrmat
1287 867 1352 933 quod
1370 870 1425 916 ante
1437 861 1565 918 docuerat,
1581 851 1752 918 agriculturam
1771 859 1831 896 esse

1075 948 1214 997 facillimum
1223 946 1248 992 et
1256 942 1287 990 ab
1296 941 1348 1002 ipsa
1361 931 1540 986 naturadooeri.
1552 953 1584 964 —
1594 929 1652 976 cae.
1668 923 1720 972 lili.
1732 921 1831 968 Rursus

1076 1019 1123 1068 sub
1131 1017 1204 1066 linem
1221 1025 1291 1070 cura,
1303 1008 1408 1059 sollertia
1418 1010 1443 1054 et
1454 998 1576 1064 diligentia
1587 997 1612 1045 iu
1621 992 1689 1043 omni
1699 1004 1724 1039 re
1736 987 1832 1036 rustica

1075 1085 1265 1144 commendatur,
1279 1081 1438 1140 doceturque,
1449 1072 1513 1137 qnod
1530 1065 1637 1119 nonnulli
1655 1061 1830 1112 detrimentum

1076 1159 1132 1209 iude
1147 1156 1256 1219 capiant,
1271 1152 1297 1202 id
1310 1149 1362 1199 fieri
1373 1161 1421 1197 uon
1433 1142 1527 1194 inscitia
1536 1140 1571 1190 rei
1582 1134 1678 1197 cognitu
1693 1129 1831 1185 facillimae,

1076 1229 1120 1280 sed
1133 1224 1277 1289 negligentia
1292 1226 1317 1272 et
1334 1217 1451 1270 socordia¹
1462 1241 1493 1250 -
1513 1215 1571 1262 cnr.
1582 1211 1645 1258 xiil
1664 1200 1779 1253 clausula
1790 1201 1832 1246 est

1076 1299 1149 1361 hujus
1160 1291 1293 1358 naumann
1311 1307 1317 1340 :
1330 1302 1388 1340 cnm
1407 1285 1552 1348 agrinnltura
1564 1280 1616 1343 ipsa
1626 1275 1694 1326 facile
1709 1271 1829 1326 discatur,

1076 1368 1239 1420 diffidllimam
1256 1377 1310 1414 esse
1323 1366 1399 1410 artem
1413 1355 1522 1407 homines
1535 1353 1568 1402 ita
1579 1345 1679 1411 imperio
1695 1337 1831 1394 tractandi,

1077 1446 1105 1491 nt
1114 1443 1198 1502 sponte
1209 1441 1234 1486 et
1243 1434 1344 1484 libenter
1358 1430 1474 1492 imperata
1485 1424 1580 1473 iaciant.
1612 1417 1650 1468 hd
1663 1426 1717 1465 mm
1726 1407 1832 1460 auctori·

1077 1514 1150 1560 tatem
1168 1502 1361 1570 adipiscendam,
1379 1497 1432 1550 sive
1450 1496 1484 1546 sis
1495 1492 1602 1548 villicus,
1620 1485 1672 1536 sive
1689 1483 1831 1546 procurator

1077 1582 1129 1632 sire
1144 1578 1268 1636 dominns,
1277 1587 1339 1638 opus
1349 1583 1403 1621 esse
1413 1565 1506 1630 iugenio
1514 1567 1540 1613 et
1552 1557 1691 1622 disciplina,
1704 1551 1764 1614 quio
1780 1549 1832 1596 imo

1076 1650 1159 1700 douo
1174 1647 1280 1711 quodam
1292 1644 1370 1704 bono,
1379 1638 1445 1704 quod
1460 1636 1617 1686 adosumnis
1634 1626 1723 1674 ridute
1738 1616 1832 1668 ucnriai

1076 1720 1205 1783 matingat.

1379 1861 1505 1883 ⁴&-

1277 1987 1591 2077 CONVIVIUM.

1047 2171 1128 2220 carm
1139 2168 1159 2214 l.
1172 2160 1316 2215 murinum
1330 2156 1430 2208 hiberus
1446 2152 1582 2204 iustituerm
1590 2150 1699 2208 tempore
1713 2138 1835 2190 Panathe

1078 2249 1187 2288 mum
1198 2243 1337 2296 magnorum
1352 2227 1457 2286 callias,
1467 2224 1542 2272 homo
1554 2217 1702 2273 ditissimus,
1717 2211 1742 2260 in
1757 2210 1834 2258 hono·

1079 2322 1130 2358 rem
1137 2303 1247 2366 Autolyci
1253 2302 1285 2351 ab
1291 2301 1344 2363 ipso
1350 2296 1424 2348 amati
1432 2296 1517 2343 ettam
1526 2286 1648 2354 pancratio
1656 2281 1763 2332 steteris.
1797 2278 1836 2328 Ad

1079 2377 1139 2430 illud
1148 2376 1220 2425 etiam
1231 2375 1341 2422 Socrates
1353 2380 1409 2416 cnm
1421 2361 1578 2413 familiaribus
1588 2353 1708 2406 nonnullis
1722 2355 1833 2399 rooetnr.

1080 2447 1194 2502 convivae
1205 2457 1261 2492 cum
1272 2437 1455 2495 accubuissent,
1467 2444 1551 2484 omnes
1561 2429 1624 2491 eapti
1633 2426 1710 2474 forma
1721 2421 1835 2482 Autolyci

1080 2521 1120 2572 rel
1140 2515 1320 2568 admirationem
1339 2521 1409 2558 suam
1427 2504 1467 2554 rel
1484 2502 1573 2553 amoris
1592 2495 1713 2562 cumdem
1733 2503 1836 2541 sensnm

1081 2592 1152 2642 tacite
1168 2586 1238 2637 vultu
1263 2588 1288 2633 et
1307 2584 1375 2645 gestu
1397 2575 1564 2626 ostendebant.
1596 2573 1686 2620 Eorum
1711 2564 1836 2613 silentium

1080 2659 1207 2723 lotermpit
1222 2654 1347 2717 Philippus
1358 2645 1501 2708 souma,qoi
1513 2641 1666 2692 intromissus
1676 2650 1691 2686 a
1702 2634 1796 2692 callia,
1808 2637 1837 2681 nt

1081 2745 1130 2783 uua
1138 2730 1258 2786 coenaret,
1274 2724 1367 2786 aliquos
1376 2721 1443 2783 jocos
1453 2713 1594 2779 parasiticos
1610 2707 1722 2772 protulit,
1733 2707 1763 2752 ut
1779 2716 1837 2751 casn·

1081 2802 1152 2852 rlras
1164 2798 1320 2852 exhilararet3
1333 2790 1375 2840 sed
1392 2790 1480 2838 frustm
1495 2785 1526 2833 ah
1539 2781 1607 2832 initio
1621 2794 1627 2828 τ
1643 2777 1706 2827 nude
1719 2780 1757 2824 sat
1778 2773 1836 2821 ridl-

1081 2871 1135 2921 culc
1149 2868 1287 2919 dte-fortuna
1298 2875 1343 2911 sua
1362 2859 1509 2921 muqnestus
1520 2858 1567 2903 est.
1579 2877 1610 2887 -
1622 2852 1682 2899 (lae.
1698 2849 1731 2896 Il.
1743 2844 1837 2894 Mensis

1082 2928 1502 2993 remotisrmitadoomessatiooem
1523 2929 1688 2987 syracusanos
1705 2928 1761 2965 nam
1783 2909 1838 2961 tibi-
1853 2946 1854 2949 η

1083 3014 1149 3071 cina,
1158 3008 1279 3060 saltatrice
1287 3008 1312 3055 et
1323 3014 1398 3066 puero
1409 2999 1527 3056 tornae,
1539 2995 1581 3058 nisi
1595 2992 1698 3042 aciemn
1706 2992 1731 3036 et
1739 2986 1837 3034 eitlrara

1084 3086 1178 3135 moeret
1187 3085 1212 3131 et
1224 3078 1330 3129 saltaret.
1362 3077 1417 3123 lam
1424 3082 1480 3118 cnm
1492 3066 1580 3117 callias
1589 3064 1621 3114 nh
1632 3058 1804 3110 liberalitatem
1813 3058 1839 3102 et

1084 3152 1224 3215 elegantiam
1236 3145 1342 3198 conuiuii
1355 3142 1467 3192 laudatus
1478 3140 1600 3199 unguento
1612 3142 1710 3195 ortoque
1720 3127 1838 3176 convivas

1084 3224 1201 3273 ddectare
1210 3220 1294 3278 uellet,
1304 3218 1427 3271 socrates,
1436 3208 1480 3273 qui
1491 3219 1587 3270 semper
1597 3204 1685 3259 eloco,
1693 3204 1804 3259 tempore
1815 3198 1839 3243 et

1084 3292 1193 3359 personis
1210 3288 1334 3340 materiam
1347 3282 1464 3333 sermouls
1488 3275 1605 3328 fructuosi
1623 3270 1745 3335 saplebat,
1766 3267 1840 3326 negat

1084 3364 1144 3414 illud
1162 3360 1230 3411 mani
1241 3358 1303 3408 uirili
1328 3352 1456 3406 musenim
1482 3354 1508 3399 et
1526 3344 1634 3397 ostendit
1651 3341 1721 3401 cuins
1742 3336 1840 3398 generis

1084 3436 1171 3486 odores
1189 3430 1356 3481 adolescentes
1378 3428 1404 3473 et
1427 3422 1472 3470 viri
1493 3428 1603 3481 spargere
1620 3412 1732 3461 debeant.
1775 3410 1839 3455 cunr

1085 3518 1156 3570 porro
1167 3500 1246 3565 puella
1255 3497 1353 3547 mirifice
1367 3494 1478 3551 aderet,
1489 3490 1524 3539 alt
1535 3484 1651 3537 muliebre
1660 3478 1782 3540 ὶιιιιιιίιιιιι
1792 3488 1840 3523 non

1086 3552 1714 3630 cssedeteriusuirili,dnmmodoeolatnrdisciphna.
1745 3548 1839 3596 Eadem

1085 3659 1142 3698 cum
1161 3642 1310 3694 motionem
1327 3636 1426 3702 periculi
1452 3634 1548 3696 plenam
1567 3625 1696 3681 edidisset,
1714 3620 1841 3681 disputare

1085 3714 1169 3778 incipit
1182 3726 1238 3763 orm
1250 3708 1392 3761 Antisthene
1407 3706 1486 3753 virtus
1495 3705 1577 3750 utrum
1586 3696 1663 3759 possit
1673 3690 1761 3741 doceri.
1797 3692 1840 3737 Ile-

1086 3788 1159 3850 nlqne
1173 3796 1228 3834 cum
1238 3794 1299 3846 puer
1308 3778 1367 3829 sm‘te
1379 3777 1503 3832 saltasset,
1519 3772 1590 3819 docet
1599 3762 1732 3816 solistimis
1749 3759 1841 3808 utilita-

1087 3860 1170 3908 temet
1178 3852 1352 3904 necessitatem.
1385 3832 1841 3908 Philippnspueripuelluqucsaltatio·

1086 3940 1143 3977 nem
1150 3924 1238 3975 imitari
1246 3920 1346 3970 ridicule
1353 3922 1452 3966 conatur
1459 3919 1484 3963 et
1491 3912 1550 3963 satis
1556 3903 1842 3969 defatigatnssitiensqne

1086 3995 1285 4063 poscitmnjorem
1294 3989 1407 4055 phialam.
1440 3984 1628 4036 Undesocrates
1635 3972 1841 4027 mediocrenrrioi

1087 4078 1159 4117 usum
1169 4061 1336 4114 commendare
1349 4055 1495 4120 aggreditur,
1509 4058 1534 4103 et
1545 4055 1574 4100 ut
1584 4046 1683 4099 minutis
1698 4044 1794 4108 poculis
1808 4043 1842 4091 bi·

1087 4139 1159 4189 hatur
1177 4134 1286 4188 suadere.
1301 4133 1400 4179 -cse
1423 4131 1465 4177 III.
1484 4124 1546 4174 ctum
1565 4120 1633 4170 tibiae
1648 4118 1756 4180 lyranus
1768 4118 1841 4163 cantu

1088 4202 1201 4260 delectari
1216 4204 1356 4256 riderentur
1374 4199 1500 4254 concisae,
1512 4196 1624 4244 socrates
1641 4189 1675 4238 uit
1687 4185 1843 4235 honorificen-

1088 4282 1138 4331 tius
1150 4290 1203 4329 esse
1215 4275 1236 4327 si
1247 4271 1399 4324 sermonibus
1410 4266 1526 4318 habendis
1536 4264 1632 4313 sihtruet
1643 4258 1689 4322 ipsi
1698 4252 1849 4320 prodessent

1089 4363 1163 4414 mque
1171 4348 1397 4407 delectareutqnam
1406 4340 1427 4389 si
1434 4352 1467 4391 ex
1476 4336 1562 4400 puellis
1569 4329 1720 4383 cantantibus
1730 4329 1843 4388 caperent

1089 4422 1246 4484 voluptatem.
1278 4418 1363 4476 Itaque
1371 4410 1458 4472 singoli
1469 4407 1544 4469 rogati
1557 4402 1702 4468 aperuenmt
1711 4410 1760 4459 nuc
1772 4395 1842 4444 tacul-

1089 4496 1139 4542 tatc
1146 4489 1192 4540 sihi
1199 4482 1423 4551 quisqneexoellere
1430 4478 1582 4529 rideretoret
1590 4486 1638 4537 qua
1647 4484 1673 4520 re
1680 4469 1725 4519 sibi
1735 4465 1843 4515 maxime

1089 4558 1308 4626 placeret-nar.
1321 4546 1546 4602 meduanensis
1561 4543 1674 4605 deinceps
1685 4538 1791 4590 reddunt
1807 4548 1842 4583 ra·

1090 4626 1343 4688 tioncmreiobqnam
1352 4614 1728 4685 quisquemaulmesiprlaoeat.
1752 4606 1843 4657 callias

1088 4704 1163 4765 jactat
1170 4705 1246 4749 mem
1257 4710 1305 4759 qna
1312 4693 1423 4744 homines
1435 4687 1661 4749 afliciatjustimes,
1673 4692 1746 4744 qnam
1755 4676 1843 4727 dandis

1089 4767 1273 4834 noupreeeptis
1284 4766 1327 4815 sed
1342 4763 1423 4813 onmis
1434 4762 1553 4811 exerceat.
1586 4751 1711 4805 Niceratus
1725 4748 1844 4813 praedIcat

1091 4858 1132 4905 se,
1148 4840 1245 4892 Homeri
1254 4837 1361 4887 canulas
1371 4848 1430 4884 cum
1439 4836 1520 4881 teneat
1535 4825 1663 4885 memoria,
1673 4820 1786 4872 uersibus
1798 4821 1843 4867 llo

1090 4913 1150 4964 meri
1161 4924 1233 4975 posse
1243 4922 1283 4959 res
1299 4908 1418 4955 humanas
1431 4904 1479 4952 fere
1491 4912 1577 4950 omues
1593 4894 1757 4958 eompmhare.
1791 4888 1843 4938 cri-

1091 4984 1188 5034 tobulus
1197 4977 1399 5045 pulchritudinem
1414 4985 1482 5023 snam
1489 4971 1578 5033 jactat,
1591 4966 1661 5027 cnjus
1671 4976 1717 5026 ope
1732 4960 1844 5009 homines

1091 5054 1122 5104 ad
1132 5052 1223 5103 multas
1239 5048 1342 5099 uirtutes
1355 5044 1467 5096 adducat
1498 5036 1641 5091 clrarsnides
1658 5035 1768 5083 recenset
1787 5041 1844 5092 pau·

1091 5124 1191 5188 perietis
1202 5133 1254 5171 sne
1265 5117 1405 5175 commoda3
1418 5112 1573 5165 andstoeucs
1586 5111 1669 5159 eontra
1676 5104 1733 5154 licet
1744 5113 1844 5165 pauper·

1091 5195 1168 5246 rimus
1176 5192 1273 5241 dimas
1282 5202 1340 5240 suas
1348 5185 1471 5251 prodeas
1503 5184 1666 5241 llermegeues
1677 5172 1761 5224 amicis
1772 5168 1844 5220 certis

1091 5264 1214 5327 donam,
1225 5261 1272 5311 sub
1282 5258 1370 5323 quibus
1381 5254 1491 5317 melinis
1501 5252 1560 5303 ileos
1573 5250 1620 5302 sibi
1632 5244 1757 5311 propitios.
1791 5239 1843 5290 Phi·
