3725 5950
210 526 230 566 x
669 499 760 559 nihl
781 491 1055 558 EXPEDI'HONIS
1076 487 1328 552 ARGUMENTA.

230 639 414 692 liberalissimus
425 650 432 684 ι
450 639 522 697 atque
531 632 609 682 omnis
618 633 711 694 generis
725 629 867 682 liberalitate
876 639 983 677 amorem
1058 625 1109 684 ita,
1120 626 1150 672 ut
1163 627 1243 673 Perse
1253 619 1351 684 quidem
1361 620 1413 670 alne
1422 619 1477 668 dolo
1486 618 1550 668 malo
1560 619 1657 668 Graecos
1671 615 1696 666 br
1709 614 1825 679 patriam

229 711 329 760 aliorum
348 707 394 757 sibi
406 702 744 754 mccnciliavitverissimum.
759 726 791 736 -
806 704 866 750 car.
883 701 912 748 ll.
926 697 979 746 Ari·
1062 693 1182 743 deducaut
1190 697 1399 753 commeatumque
1414 689 1580 752 suppeditent,
1598 687 1677 737 Graeci
1690 700 1749 736 vero
1761 687 1826 736 sine

230 793 293 830 eum
303 779 432 841 fugientem
441 773 499 824 dum
506 773 660 836 persequitur
669 775 824 830 haereres,
833 769 922 832 podtur
930 765 987 828 cyri
1061 764 1086 813 vi
1096 767 1258 814 commeatum
1269 762 1306 811 rel
1315 765 1409 821 emant,
1418 761 1458 809 vel
1467 761 1518 809 sine
1527 772 1637 820 agrorum
1646 757 1825 806 devastatione

235 851 320 898 castris
332 853 356 897 et
371 860 400 896 ea
413 845 496 906 diripit
514 859 520 891 :
542 841 621 901 unde,
640 842 745 892 collectis
762 839 839 903 copiis
856 835 985 900 dispersis,
1061 835 1106 897 ipsi
1118 834 1386 883 sumant.-car.1ll.
1398 835 1463 880 Dum
1472 829 1699 891 Grmciexspectant
1708 827 1826 878 reditum

235 919 297 968 redit
308 922 390 966 contra
400 919 496 966 Grecos
507 913 531 962 in
542 927 587 962 sun
602 925 675 961 comu
686 911 807 960 victores:
822 908 877 970 qui,
887 906 988 956 consilio
1061 903 1240 966 Tissaphernis,
1252 903 1294 964 qui
1306 901 1405 951 domum
1415 913 1458 950 eoa
1477 903 1571 970 epacto
1587 898 1703 956 deducam
1715 897 1824 946 interim

236 991 298 1051 regis
314 988 423 1049 cognito,
439 985 522 1033 hostes
532 982 625 1044 insequi
636 981 764 1040 desinunt,
776 983 814 1041 el,
829 976 986 1028 conversione
1062 972 1169 1032 armus,
1182 985 1225 1035 spe
1240 972 1317 1022 venias
1333 985 1347 1020 a
1360 983 1416 1033 rege
1430 968 1587 1032 impetrandae
1598 968 1675 1027 tacta,
1691 968 1718 1016 tit
1732 968 1826 1016 animo

235 1059 295 1108 aciei
311 1057 383 1116 meta,
397 1055 459 1116 emis
478 1054 596 1115 impetum
608 1052 725 1100 sushnere
742 1063 795 1100 sese
813 1052 906 1112 parant.
940 1047 987 1096 llic
1061 1043 1174 1092 alieniore
1189 1056 1245 1104 erga
1256 1046 1363 1092 Grecos.
1396 1041 1427 1090 lli
1443 1041 1524 1102 igitur,
1536 1052 1592 1088 cum
1603 1038 1683 1087 cauria
1702 1043 1826 1100 suspecta

235 1142 306 1188 vero,
322 1126 486 1178 circumducto
497 1137 541 1174 suo
559 1123 679 1181 exercitu,
698 1121 795 1172 iustruit
811 1120 886 1168 aciem
903 1117 988 1168 eadem
1062 1113 1252 1176 essent,nolunt
1265 1112 1433 1174 Tissaphernis
1449 1110 1580 1160 adrentum
1597 1108 1698 1170 operiri,
1711 1107 1755 1156 sed
1772 1113 1827 1156 sta-

236 1203 320 1262 parte,
343 1212 390 1260 qna
408 1197 439 1245 ab
459 1194 527 1244 initio
546 1193 632 1256 prmlii.
665 1192 743 1242 Graeci
769 1190 846 1239 multo
869 1187 986 1247 alam-ius,
1062 1185 1108 1237 tim
1120 1185 1220 1234 donnum
1237 1183 1302 1232 abire
1315 1197 1322 1229 :
1336 1182 1379 1231 aed
1391 1180 1473 1230 mrrltis
1489 1180 1520 1229 de
1536 1179 1652 1228 censisid
1670 1177 1721 1227 heri
1743 1191 1827 1240 posse

234 1281 307 1332 quam
318 1272 389 1326 ante,
400 1267 490 1328 impetu
500 1263 578 1324 lacto,
590 1261 658 1312 facile
669 1261 784 1312 barbaros
793 1261 818 1308 in
830 1259 911 1321 sugam
923 1270 987 1306 corn·
1063 1260 1134 1317 negat
1152 1254 1290 1304 clearchus.
1324 1253 1430 1302 Tandem
1449 1250 1547 1301 advenit
1565 1263 1622 1299 cnm
1640 1249 1716 1314 copiis
1734 1250 1827 1299 Tissa-

235 1339 327 1402 pellnnt
342 1349 441 1396 ornnes,
459 1333 502 1382 scd
519 1346 560 1383 eos
578 1332 690 1394 persequi
708 1344 756 1380 non
777 1329 894 1392 possunt,
917 1330 988 1376 nocte
1062 1326 1181 1388 phernes;
1194 1328 1313 1374 etomnes
1324 1323 1421 1387 quidem
1437 1321 1604 1383 ingrediuntur
1617 1321 1671 1380 iter,
1683 1319 1725 1369 sed
1738 1320 1827 1369 Graeci

236 1406 360 1470 impediti,
371 1410 396 1454 et
408 1404 480 1453 simul
490 1402 580 1464 ignari,
592 1401 651 1464 quid
660 1403 723 1462 Cyro
734 1398 856 1460 evenerit,
867 1395 931 1458 quod
944 1408 989 1445 nec
1062 1397 1095 1446 ob
1106 1394 1254 1458 suspiciones
1262 1394 1376 1454 seorsim,
1386 1398 1412 1442 et
1422 1392 1522 1442 seorsim
1531 1405 1629 1454 quoqne
1636 1395 1716 1440 castra
1726 1395 1828 1440 metan-

236 1478 288 1540 ipse
299 1477 377 1536 adsit,
389 1487 433 1524 nee
444 1473 518 1522 alium
527 1473 615 1522 mittat.
647 1475 723 1532 Ergo,
739 1483 764 1519 re
783 1467 925 1526 deliberata,
938 1471 987 1515 tan·
1063 1469 1104 1514 tur
1117 1481 1123 1514 ι
1135 1471 1209 1527 atque
1220 1465 1255 1513 ita
1263 1465 1325 1512 intra
1335 1463 1422 1513 blediae
1432 1475 1530 1512 murum
1543 1475 1591 1511 nou
1603 1463 1687 1524 praem
1695 1461 1828 1522 Babylone

236 1547 292 1596 dem
304 1545 335 1594 ad
352 1543 522 1606 impedimenta
539 1541 663 1592 redeunt:
682 1539 723 1589 ubi
738 1553 794 1590 cum
810 1540 990 1588 commeatusa
1063 1535 1238 1598 ingrediuntur,
1256 1540 1282 1584 et
1300 1547 1356 1584 ιιιοι
1374 1532 1471 1583 dnobus
1485 1532 1588 1593 Tigridis
1606 1531 1729 1582 madibus
1750 1533 1828 1593 traje

237 1616 307 1677 regiis
316 1620 380 1664 esset
387 1613 508 1676 direptus,
517 1615 614 1660 noctem
622 1607 756 1670 transigunt
764 1605 881 1670 impransi
890 1617 988 1665 omues,
1063 1607 1109 1655 ctis
1120 1605 1216 1656 sitacen
1225 1604 1341 1667 oppidum
1352 1603 1376 1652 in
1388 1604 1439 1666 ripa
1455 1602 1558 1664 Tigridis
1575 1602 1649 1652 situm
1665 1603 1827 1665 perveniunt.

236 1691 261 1735 et
272 1685 379 1748 plerique
391 1681 512 1732 ineoenati.
1063 1675 1136 1735 lude,
1158 1687 1219 1724 rano
1234 1679 1300 1724 metu
1317 1674 1349 1723 de
1362 1673 1455 1722 insidiis
1472 1677 1599 1722 Persarum
1614 1671 1705 1732 delusi,
1715 1671 1830 1733 hajemo

1064 1745 1159 1808 Tigride
1176 1745 1296 1808 primum,
1306 1758 1363 1794 mox
1378 1743 1474 1805 Physco
1490 1753 1574 1802 amne,
1585 1743 1726 1806 perveniunt
1745 1744 1829 1805 Opim

510 1827 623 1888 Lfflpjss
644 1825 684 1885 ῃ,
1064 1815 1194 1879 oppidum;
1213 1815 1321 1877 adquod
1337 1814 1401 1876 regis
1419 1813 1492 1862 trater
1509 1814 1606 1876 spurius
1623 1813 1721 1862 obviarn
1738 1813 1827 1862 taetris

272 1917 280 1928 -
1065 1899 1122 1935 curn
1131 1887 1206 1948 copiis
1214 1886 1311 1946 multis,
1321 1883 1831 1948 quassusisetEebataniscontracvrum

210 1966 291 2014 crrcr
303 1965 322 2012 l.
335 1964 436 2012 Postero
453 1959 492 2009 die
503 1971 573 2008 nune
583 1969 640 2006 eum
657 1956 735 2006 Greci
751 1955 802 2018 jam
815 1955 839 2004 in
851 1967 880 2004 ec
896 1955 992 2013 essent,
1066 1955 1154 2006 annito
1160 1955 1209 2017 regi
1216 1954 1363 2014 adducebat,
1371 1957 1469 2004 Graecos
1475 1958 1645 2017 pretereuntes
1651 1967 1708 2002 cum
1717 1953 1832 2003 admira-

241 2037 269 2083 ut
280 2037 358 2083 castra
370 2033 495 2081 moverent
513 2027 661 2078 :adveniunt
673 2026 741 2076 missi
752 2026 783 2076 ab
792 2024 882 2085 brimo,
898 2023 994 2088 quiens
1065 2026 1130 2077 tinae
1138 2038 1224 2088 magna
1232 2028 1333 2089 spectet.
1365 2024 1438 2084 lnde,
1448 2037 1491 2074 ser
1502 2023 1596 2073 merum
1608 2024 1703 2086 iterper
1713 2024 1767 2072 loca
1775 2029 1833 2074 ble-

239 2103 354 2152 certiores
366 2100 472 2149 iacerent
484 2096 514 2147 de
525 2096 580 2158 cyri
601 2100 693 2156 morte,
709 2099 734 2144 et
752 2093 823 2144 trial
842 2093 897 2154 luga
915 2091 994 2141 cond-
1065 2096 1217 2146 ntaenesarta
1224 2095 1358 2157 megin
1368 2095 1514 2157 pnqffinan
1522 2094 1834 2158 viwqquogqimpher.

242 2170 323 2232 licque
334 2167 469 2220 revertendi
488 2167 512 2216 in
528 2165 621 2216 Ioniam
642 2163 766 2227 postridie.
801 2162 934 2213 Clearchus
951 2175 995 2224 per
1066 2163 1835 2228 nesincyricontumeliamdirlpiendcstradit,perveniunt,et

242 2241 333 2302 legatos
354 2239 440 2288 inritat
455 2237 487 2286 ad
507 2250 533 2286 se
550 2236 667 2296 Adaeum,
687 2235 757 2298 eique
775 2233 851 2284 desert
867 2231 994 2296 imperium
1067 2236 1140 2297 inde,
1156 2236 1261 2298 quinque
1272 2224 1374 2285 ''dierum
1393 2236 1419 2284 in
1435 2235 1532 2284 sinistra
1547 2234 1650 2295 Tigridis
1668 2235 1719 2297 ripa
1735 2235 1836 2286 itinere

243 2315 379 2361 Persarum.
413 2307 464 2359 Sub
482 2305 606 2356 meridiem
626 2304 700 2354 misse
718 2303 836 2368 legatione
859 2315 901 2352 rell
925 2301 996 2364 jubet
1067 2306 1185 2368 factQad
1194 2306 1311 2356 hbalnm
1319 2308 1528 2356 amnem-cur.
1540 2308 1571 2354 V.
1585 2304 1621 2354 lbi
1629 2317 1705 2367 quum
1713 2305 1835 2356 triduum

243 2384 418 2430 creonam
429 2376 536 2437 omae,
548 2379 622 2437 anua
632 2375 676 2435 ns,
688 2375 709 2424 εἰ
722 2375 868 2434 subsistunt,
881 2373 952 2422 enarr
961 2373 995 2420 in·
1068 2381 1246 2426 maneantur
1256 2379 1283 2426 et
1290 2376 1396 2439 scapton
1406 2376 1548 2424 teramum
1557 2379 1658 2436 augam
1670 2389 1676 2422 ι
1690 2375 1835 2426 crateuas

242 2449 338 2510 ducias,
350 2450 370 2500 si
382 2447 541 2512 perrexerint,
553 2445 783 2495 minitaturbellum.
815 2443 893 2494 Greci
905 2443 996 2504 legatos
1068 2447 1094 2496 in
1108 2446 1294 2510 cohoquicenm
1313 2446 1472 2508 Tissapherne
1487 2443 1625 2496 iaculentur
1640 2443 1724 2505 docet,
1740 2449 1836 2498 Persis

243 2531 299 2570 etim
311 2531 426 2581 responso
442 2516 498 2565 serii
515 2515 647 2566 dimiteret.
661 2541 692 2550 -
710 2516 768 2565 (iar.
787 2517 818 2564 ll.
837 2513 873 2563 td
890 2513 995 2562 Ariaeum
1068 2530 1117 2566 non
1135 2529 1189 2566 esse
1198 2514 1290 2577 justam
1310 2529 1409 2565 causam
1427 2515 1489 2564 ullas
1499 2513 1639 2566 Grrncorum
1655 2515 1754 2565 incidias
1772 2531 1837 2568 me.

244 2592 418 2649 accesserim,
427 2586 468 2649 qui
478 2585 585 2634 oblatum
596 2588 724 2634 Persarum
736 2583 863 2646 imperium
871 2586 995 2643 renuerat,
1068 2585 1161 2636 rumai.
1194 2589 1254 2635 Nam
1265 2585 1345 2635 ledus
1353 2599 1408 2636 esse
1416 2583 1573 2646 jurejurando
1585 2585 1719 2647 sancitum,
1731 2591 1756 2636 er
1768 2589 1836 2644 Τίς.

244 2659 355 2717 endem,
375 2667 400 2707 re
421 2655 564 2716 delibemta,
580 2654 657 2704 Graeci
671 2655 796 2714 ingruente
813 2654 884 2702 nocte
902 2651 995 2715 profici·
1069 2657 1194 2720 sapharna
1211 2655 1341 2705 amicitiam
1354 2669 1410 2705 cum
1426 2655 1543 2706 clarano
1558 2660 1609 2705 rum
1628 2657 1714 2706 arat,
1729 2661 1837 2710 fimf„

245 2732 355 2789 scantur,
363 2731 387 2777 ct
396 2725 443 2776 sub
456 2729 551 2774 amana
562 2723 665 2773 mediam
676 2723 814 2774 adveniunt.
849 2723 894 2773 llic
906 2720 996 2772 ioedere
1069 2742 1118 2778 nan
1129 2741 1177 2778 una
1186 2727 1217 2777 dc
1225 2741 1298 2778 musa
1308 2739 1363 2777 asse
1376 2725 1543 2786 uanissimam
1561 2725 1764 2790 quemadmodum
1779 2741 1837 2779 „00

245 2799 289 2850 rite
301 2800 359 2848 inito
375 2797 511 2846 consultant
527 2793 557 2844 de
571 2794 656 2845 reditu.
690 2795 783 2844 Arinem
799 2793 838 2843 via
858 2793 905 2842 alia
922 2806 996 2856 quarn
1071 2801 1210 2847 Graecorum
1227 2796 1357 2845 amicitiam
1372 2794 1527 2858 Tissapherni
1542 2807 1597 2844 esse
1608 2794 1725 2844 inutilem.
1758 2799 1837 2848 Tum

244 2861 996 2931 (ludiifflflderissisiflflmlifl¹⁰ssd⁸sssifflmmtii⁰mhtbeffll‚
1070 2867 1257 2930 Tissaphernes,
1276 2866 1349 2914 bomo
1366 2877 1471 2927 nequam
1490 2869 1516 2914 et
1538 2864 1719 2924 fraudulentur,
1735 2874 1837 2930 negat,

246 2937 318 3003 idque
338 2935 445 2988 celeriter
459 2935 490 2985 ab
512 2934 592 2994 initio,
609 2947 638 2983 ne
657 2948 699 2985 rex
721 2939 873 2995 assequatur,
896 2933 998 2985 descen·
1071 2941 1169 2988 Graecos
1186 2941 1251 2987 recta
1266 2939 1373 2986 metuere
1400 2937 1527 2985 Persarum
1548 2935 1657 2985 insidias.
1689 2938 1748 2986 liam
1764 2951 1837 2991 cum

246 3007 351 3057 dandum
363 3020 416 3056 esse
426 3004 518 3056 suadet.
552 3009 649 3067 ltaque,
668 3003 730 3083 luce·
740 3008 807 3063 orta,
825 3002 881 3053 inde
900 3003 995 3065 protici·
1071 3008 1121 3070 regi
1133 3012 1170 3058 tot
1180 3012 1294 3071 mamque
1310 3011 1400 3070 praesto
1411 3006 1458 3056 sint
1470 3010 1569 3056 Graecos
1579 3005 1708 3069 perdendi,
1719 3007 1741 3057 si
1750 3012 1839 3075 velit,

246 3074 477 3159 montanearum
489 3072 667 3157 quisquam
680 3074 744 3155 yrcis
760 3070 896 3153 babylona
913 3084 999 3153 qnare
1033 3141 1036 3146 .
1072 3078 1193 3139 suarna,
1203 3077 1305 3127 seuram
1315 3077 1379 3138 ne,
1392 3075 1715 3138 namugaermcaaaem
1727 3092 1756 3127 ae
1768 3094 1837 3142 per-

247 3151 379 3266 tlnltlh
394 3142 1000 3277 dinen?nannetensiileln
1070 3162 1175 3267 till
1191 3150 1840 3280 millimihiffiiiialidil'ii'

248 3286 327 3335 inedia
338 3284 455 3335 adversus
465 3282 548 3333 hostes
558 3282 694 3343 conducit,
705 3295 750 3333 nec
759 3286 839 3333 tamen
849 3282 909 3330 aria
920 3286 999 3343 coepta
1074 3287 1189 3351 postridie
1198 3288 1250 3350 ipse
1260 3299 1316 3336 cum
1334 3290 1437 3349 quatuor
1455 3284 1598 3348 pretoribns
1609 3287 1634 3335 et
1645 3286 1729 3348 viginti
1744 3260 1842 3341 lucrm:

249 3355 366 3415 declinat,
379 3358 452 3437 atque
460 3366 516 3436 cum
529 3353 578 3403 sole
590 3352 713 3403 occidente
722 3351 747 3402 in
757 3352 824 3402 rima
836 3366 850 3401 a
860 3352 930 3414 regiis
939 3351 999 3400 dire
1072 3358 1122 3420 gis,
1134 3361 1162 3407 ut
1170 3360 1337 3424 cognosceret,
1351 3356 1407 3419 quis
1415 3361 1480 3406 esset
1489 3357 1531 3418 qni
1547 3358 1645 3408 Graecos
1656 3356 1841 3412 criminaretur

249 3430 304 3490 ptos
321 3429 431 3488 pervenit
450 3438 494 3473 :rn
510 3437 572 3487 quos
588 3436 643 3486 pars
660 3423 780 3473 excretus
797 3423 910 3483 devertit,
927 3422 1001 3472 ceteri
1075 3429 1186 3491 (namin
1193 3427 1366 3490 Tissaphernes
1375 3426 1655 3489 mammaeae,
1666 3432 1842 3484 „auctorem

249 3496 346 3547 subdio
360 3498 499 3559 pernoctare
513 3496 638 3555 coguntur.
671 3494 774 3544 Punicus
781 3496 867 3555 terror,
879 3493 920 3556 qui
930 3496 1001 3542 nocte
1074 3499 1152 3561 cnlpae
1173 3496 1334 3547 indicaturum
1353 3497 1422 3559 esse)
1448 3497 1479 3546 ad
1495 3496 1660 3559 Tissaphernis
1684 3502 1843 3561 pretorium

249 3566 370 3615 invaserat
381 3565 483 3625 milites,
493 3564 602 3615 Clearchi
611 3563 711 3613 consilio
724 3562 830 3613 sedatur.
843 3590 874 3599 ·-
886 3567 944 3613 Cae.
956 3566 1000 3613 lll.
1074 3581 1172 3619 aarum
1185 3580 1211 3616 sn
1228 3566 1328 3616 conten,
1361 3571 1453 3617 verum
1468 3567 1519 3627 ωε,
1538 3568 1605 3629 gigno
1623 3568 1692 3628 nato,
1710 3576 1844 3631 mores

250 3638 316 3697 ltex,
327 3634 369 3697 qui
380 3632 456 3698 pridie
466 3633 525 3683 satis
536 3632 638 3697 superbe
653 3646 682 3682 ac
692 3634 800 3683 ferociter
809 3636 963 3695 poposcerat,
975 3635 1003 3681 ut
1075 3637 1147 3687 simul
1156 3636 1222 3689 intus
1231 3637 1466 3699 comprehenduntur
1474 3650 1559 3687 omnes
1567 3642 1593 3687 et
1601 3637 1633 3687 ad
1641 3652 1720 3700 regem
1729 3640 1762 3689 ad
1772 3656 1844 3709 sup-

251 3704 329 3756 Grreci
341 3704 415 3755 armis
424 3704 518 3753 traditis
529 3718 555 3753 se
564 3703 610 3767 ipsi
619 3703 746 3764 dederent,
756 3717 819 3753 nunc
830 3703 917 3751 borum
929 3702 1002 3752 auda·
1075 3708 1173 3772 plinium
1182 3706 1342 3769 abducuntur,
1355 3713 1428 3772 atque
1438 3706 1530 3772 incingi
1541 3708 1598 3759 toris
1609 3710 1759 3760 trucidamur
1771 3728 1846 3768 cnm

252 3775 289 3823 cia
300 3774 427 3837 perculsus
443 3774 518 3823 mittit
529 3773 620 3835 legatos
635 3772 666 3823 de
681 3772 779 3823 hedera.
812 3773 856 3822 llis
872 3772 1002 3822 clearchus
1076 3777 1185 3827 animans
1201 3776 1326 3827 militibus
1357 3780 1414 3827 olor
1433 3777 1526 3827 trimus
1537 3778 1764 3840 aliiquePcrsamm
1775 3798 1846 3846 pro.

252 3846 336 3907 Pegai,
349 3840 438 3895 sffldefss
459 3857 521 3907 0Pl¹⁵
532 3856 586 3893 0⁸⁸⁰
603 3843 708 3905 Glaessisss
725 3842 1003 3906 ε841Ρῐ(1ἓῑῑ(>ι(1ιιοιιίιιιιι
1077 3862 1143 3899 ceres
1159 3847 1191 3896 ad
1207 3851 1286 3896 castra
1304 3850 1446 3897 Graeeomm
1463 3846 1608 3910 adveniunt,
1620 3853 1644 3897 et
1663 3850 1744 3899 verbis
1765 3860 1848 3919 regis

252 3928 299 3965 non
310 3912 413 3963 babeant
431 3912 495 3965 unde
512 3912 651 3976 prandeant.
683 3913 758 3963 Paulo
774 3917 829 3975 post
845 3912 917 3961 iidem
932 3913 1004 3974 legati
1077 3922 1192 3981 ροιωιιι,
1205 3916 1462 3965 utarmatradantur:
1480 3916 1523 3965 aed
1542 3916 1636 3966 trustra.
1658 3945 1689 3954 -
1704 3922 1763 3969 can,
1788 3930 1846 3979 Vl.

253 3985 315 4048 rogis
339 3996 482 4047 responsum
501 3982 606 4033 referunt
628 3981 659 4033 dc
677 3987 812 4045 commeatu
831 3982 1005 4045 comparando,
1077 3992 1212 4039 pratorum
1226 3987 1408 4036 interemtorum
1423 3987 1567 4037 describitur
1584 3987 1714 4052 ingenium.
1748 3994 1849 4047 Clear-

253 4052 311 4103 dum
323 4053 401 4102 ledus
413 4053 487 4102 ictum
503 4052 582 4102 luerit
617 4053 761 4113 Clearchus,
778 4052 809 4101 de
825 4053 925 4102 consilio
943 4057 1005 4103 cete·
1077 4059 1139 4108 chus
1147 4060 1210 4107 Laco
1221 4056 1318 4119 quidem
1329 4056 1386 4107 belli
1396 4070 1466 4119 reque
1482 4058 1641 4120 peritissimus
1657 4072 1685 4108 ac
1701 4061 1849 4121 studiosis.

254 4136 349 4193 mlum·
368 4122 509 4185 ¹0⁵P⁰1¹tlet2
528 4136 554 4171 ὅθ
575 4120 681 4171 oblatam
704 4122 811 4183 accipere
831 4122 1005 4184 conditionem
1079 4129 1155 4177 simus
1167 4128 1225 4183 luit,
1237 4128 1325 4191 spretis
1334 4129 1392 4177 vitae
1403 4128 1614 4178 commoditatibus
1623 4134 1648 4179 et
1659 4130 1837 4190 suavitatibus

254 4198 327 4255 atque
336 4190 385 4251 ita,
396 4188 498 4241 ducibus
514 4190 606 4251 Persis,
618 4204 673 4240 cum
685 4190 793 4241 exercitu
807 4192 964 4253 proficiscitur
975 4193 1005 4242 ad
1079 4202 1107 4249 ln
1122 4197 1234 4261 periculis
1252 4197 1383 4247 subeundis
1393 4198 1470 4247 alacer
1486 4201 1512 4248 et
1521 4198 1640 4261 prudens;
1653 4200 1677 4248 in
1690 4181 1851 4263 commeani

255 4262 332 4311 indus
342 4260 476 4343 iaciendum
486 4264 675 4343 etcommeatum
684 4260 883 4341 comparandum,
894 4263 1007 4326 venitque
1080 4268 1197 4318 militibus
1214 4268 1374 4331 comparando
1397 4268 1499 4331 diligens
1518 4282 1524 4316 ι
1544 4269 1570 4318 iu
1588 4268 1713 4333 disciplina
1729 4275 1852 4335 militari

254 4332 350 4382 medem
361 4346 385 4381 ιιι
396 4346 477 4393 vncos,
487 4345 557 4393 rano,
568 4330 681 4394 palmuhs
692 4330 794 4393 eiusque
807 4331 880 4391 rebus
896 4333 1005 4384 refertos.
1080 4340 1214 4389 exercenda
1229 4339 1410 4399 sarcasmus,
1426 4336 1486 4389 adon
1503 4342 1530 4388 nt
1540 4354 1597 4403 ψῃ
1608 4342 1684 4403 magr,
1697 4356 1773 4404 quam
1795 4350 1851 4402 ΜΟ,

255 4401 345 4453 Triduo
357 4405 412 4465 post
420 4401 592 4464 Tissaphernes
601 4412 656 4450 cum
665 4401 794 4451 comitibus
803 4404 922 4453 nonnullis
935 4404 1007 4455 adve·
1081 4414 1142 4459 stem
1152 4412 1287 4459 metuerent
1297 4410 1400 4468 milites,
1409 4408 1451 4459 sed
1460 4422 1546 4472 parum
1557 4416 1665 4464 amment
1676 4426 1682 4459 :
1694 4417 1718 4461 at
1730 4420 1855 4474 omnino

256 4472 304 4532 nit,
313 4476 338 4521 et
347 4472 372 4521 in
383 4470 502 4535 colloqrrio
513 4484 569 4521 cum
587 4474 725 4521 Groeeorum
736 4471 839 4521 ducibus
855 4472 946 4534 jactata
963 4488 1008 4526 sua
1081 4493 1130 4529 non
1139 4481 1190 4527 lam
1199 4478 1230 4527 ad
1240 4478 1372 4541 parendum
1381 4492 1453 4541 quam
1465 4478 1498 4527 ad
1508 4480 1675 4542 inperandum
1685 4488 1757 4533 natus
1772 4499 1842 4543 em,

256 4555 312 4605 erga
325 4544 422 4622 Grecos
439 4540 604 4591 benevolentia
623 4540 710 4603 quaerit
726 4555 757 4591 ex
772 4542 833 4602 illis,
850 4545 1008 4605 quanmbrem
1081 4552 1206 4600 Proxenus
1218 4547 1323 4598 braehus
1333 4548 1505 4599 inclarescendi
1517 4551 1619 4613 (sapidus
1631 4564 1645 4599 a
1656 4563 1746 4615 puero,
1758 4562 1790 4606 et
1804 4533 1854 4611 di:

257 4626 322 4662 arma
342 4611 439 4661 tulerant
457 4610 575 4661 adversus
588 4624 685 4673 regem,
701 4616 815 4675 rogatque
833 4614 860 4661 ut
878 4614 957 4665 lenius
970 4630 1007 4666 re·
1082 4617 1286 4681 seiplinaeorgia
1301 4618 1416 4681 sophistae
1433 4633 1494 4669 usus
1508 4624 1554 4670 est.
1588 4622 1663 4683 illuc,
1682 4627 1710 4672 ut
1723 4623 1857 4685 honestis

258 4680 403 4766 spondeant,
420 4694 468 4744 quo
487 4680 581 4731 taedius
596 4682 647 4745 ipse
663 4682 725 4745 regis
742 4682 801 4731 iram
820 4682 904 4734 sedare
921 4686 1007 4747 possit.
1082 4688 1176 4739 artibus
1193 4688 1306 4751 gloriam,
1317 4703 1375 4753 opes
1386 4694 1411 4740 ct
1421 4689 1519 4740 divitias
1531 4690 1577 4749 sibi
1587 4698 1694 4755 pararet,
1712 4697 1779 4757 apud
1793 4708 1857 4768 θ’,

257 4756 303 4804 cm
319 4752 451 4835 clearchus
466 4757 600 4801 ceterorum
614 4752 694 4802 verbis
711 4752 853 4816 respondet,
872 4767 899 4803 se
914 4768 963 4804 non
978 4756 1009 4805 ad
1081 4772 1136 4809 rum
1145 4758 1247 4807 militare
1256 4759 1369 4822 suscepit.
1401 4762 1459 4809 Erat
1467 4760 1547 4809 animo
1556 4760 1603 4814 lerri
1613 4761 1659 4822 lta,
1670 4767 1698 4812 ut
1706 4763 1747 4813 ille
1755 4778 1857 4835 magis

258 4822 348 4873 bellurn
359 4836 408 4884 rega
418 4820 566 4871 inserendum
579 4822 697 4884 protectos
715 4836 782 4886 esse,
795 4822 837 4873 sed
849 4824 905 4885 cyri
919 4825 1008 4875 callidi·
1082 4829 1184 4888 milites,
1193 4840 1266 4891 quarn
1278 4827 1390 4890 biipsmn
1399 4834 1572 4881 revererentur.
1605 4832 1673 4882 Unde
1682 4832 1774 4883 lactum
1786 4852 1837 4895 est

259 4898 310 4943 tate
321 4892 434 4956 deceptos
445 4890 543 4942 andem
559 4892 584 4942 in
602 4892 665 4942 banc
674 4894 842 4943 necessitatem
859 4894 965 4957 delatos,
983 4901 1010 4946 ut
1082 4902 1110 4947 ut
1125 4898 1181 4947 boni
1190 4897 1290 4959 quidem
1301 4910 1357 4947 eum
1368 4902 1489 4959 amarem,
1499 4898 1542 4949 sed
1558 4900 1610 4961 ejus
1622 4901 1733 4953 iacssitata
1747 4885 1857 4967 abares

259 4966 349 5024 ογιιιιιι
358 4962 418 5012 bene
429 4960 527 5024 deipsis
539 4960 651 5012 meritum
665 4962 716 5012 sine
727 4962 800 5012 animi
815 4962 900 5025 ingrati
910 4964 1011 5015 crimine
1082 4971 1165 5016 rentur
1173 4965 1282 5029 improbi
1315 4970 1405 5017 cenna
1420 4969 1490 5017 Meno
1501 4968 1631 5019 Thessalus
1646 4971 1758 5027 marbais
1779 4992 1849 5041 pm,

260 5045 309 5081 nou
317 5032 427 5081 demere
436 5036 545 5099 possent;
558 5045 583 5082 se
595 5046 653 5081 vero
668 5046 745 5093 nunc,
754 5036 817 5095 cyro
833 5047 847 5082 e
863 5033 942 5084 medio
954 5035 1009 5084 snb
1082 5039 1150 5087 ditus
1158 5044 1210 5089 erat
1225 5038 1333 5087 moribus
1346 5052 1352 5085 :
1364 5036 1426 5086 lucri
1436 5038 1554 5102 cupidus;
1572 5041 1696 5103 perjurum
1710 5049 1833 5105 menda,
1846 5076 1857 5088 .

260 5098 309 5182 lato
315 5114 380 5182 ².¹¹.⁰⁰
391 5101 439 5163 regi
451 5114 495 5151 nec
507 5102 561 5182 eius
572 5101 661 5165 regioni
671 5102 721 5151 vim
734 5103 807 5152 ullam
818 5102 933 5153 allaturos
942 5118 1010 5168 esse,
1083 5104 1265 5168 fraudulentus,
1273 5106 1487 5171 magisamicomm
1496 5123 1570 5172 quarn
1580 5110 1684 5161 bostium
1694 5096 1857 5173 insidiator'

262 5184 308 5251 nrsr
325 5182 410 5231 rmrrrra
428 5170 532 5221 lacessiti
554 5178 649 5253 essent,
670 5172 713 5223 sed
731 5172 830 5222 domum
850 5172 1008 5225 discessuros.
1083 5174 1193 5226 homines
1211 5176 1318 5239 perditos
1330 5176 1489 5239 suspiciebat,
1505 5180 1593 5242 probos
1609 5182 1723 5241 vexabat,
1742 5164 1857 5248 amico}

262 5242 432 5303 Tissaphernes
449 5240 546 5293 medem
565 5242 642 5292 hiduo
663 5248 717 5306 post
740 5244 800 5293 redit
817 5246 842 5293 et
859 5244 939 5294 fredus
955 5244 1011 5294 lacit
1083 5246 1213 5309 irridebam
1231 5246 1378 5310 quicumque
1393 5246 1419 5295 in
1437 5246 1590 5313 decipiendo,
1607 5250 1724 5313 malisque
1739 5258 1857 5316 artibus
