3725 5950
536 531 628 592 crat
650 528 919 590 exennrrlodrs
943 527 1194 590 ARGUMENTA.
1612 542 1663 612 ,fij

97 685 161 722 munt
175 670 309 720 luculenter
327 665 462 729 xenophon
473 663 602 713 vanihmm
622 663 691 712 istius
701 661 847 711 criminatio·

97 743 140 790 uis.
175 739 267 790 Deinde
284 737 393 800 queritur
414 733 566 800 decollapss
588 731 713 795 disciplina
735 731 847 790 militari,

97 823 195 872 eamque
208 807 321 870 exemplo
332 804 482 856 crudelitatis
496 803 640 866 effrenisque
651 803 767 862 licentioe,
784 800 848 864 quod

96 882 274 932 iucolchorum
280 878 373 940 legatos
381 881 406 925 et
418 888 498 926 rerruu
508 873 627 923 venalium
636 877 759 922 curatores
767 870 848 921 edide-

97 954 153 1014 rint,
165 949 274 1000 ostendit
287 964 293 997 :
309 959 383 1011 quare
401 945 480 995 sihoc
490 943 580 992 malum
591 943 664 992 latius
676 946 771 1005 serpat,
788 941 849 1004 peri·

7 1013 9 1072 Ξ
96 1023 174 1072 culum
183 1033 253 1080 esse,
264 1031 295 1067 ne
303 1017 350 1066 diis
360 1014 546 1076 hominibusque
554 1014 648 1062 inrisus
660 1011 775 1061 reddatur
784 1025 849 1060 erer-

97 1094 157 1144 eitus
172 1089 312 1140 thiresus.
344 1089 396 1136 Hac
412 1085 519 1134 oratione
528 1083 642 1132 commoti
658 1081 805 1141 deeemnnt,
823 1085 849 1130 ut

97 1164 196 1212 istorum
208 1159 329 1208 scelerum
338 1159 449 1206 auetmcs
459 1167 556 1204 carrsam
566 1152 661 1214 dicant,
668 1157 693 1202 et
704 1151 777 1214 siqui
787 1153 850 1215 post·

97 1233 140 1280 hac
156 1231 231 1292 huius
246 1227 341 1290 generis
359 1225 463 1274 memora
474 1224 526 1274 ausi
542 1223 642 1283 iirerint,
658 1223 683 1271 in
701 1235 742 1271 eos
762 1221 849 1282 gravis·

97 1303 155 1351 sinte
174 1297 389 1348 animadvertatur.
422 1298 542 1344 Praeterea
556 1292 674 1355 imprimis
686 1289 849 1354 xenophontis

97 1371 239 1422 suetudinis
250 1365 373 1418 exercitus
387 1365 512 1414 lustratur.
525 1389 556 1398 —
573 1365 632 1411 Cre.
645 1365 712 1411 vili.
730 1364 794 1410 Cum
807 1357 849 1407 de·

97 1449 160 1492 creto
173 1441 300 1492 exercitus
315 1437 390 1487 duces
408 1435 514 1484 muneris
526 1435 563 1483 sui
576 1433 701 1484 redderent
714 1432 848 1481 rationem:

98 1511 203 1564 nonnulli
216 1523 246 1561 ee
257 1509 344 1570 higrati
356 1507 429 1555 animi
441 1505 559 1569 progressi
574 1507 642 1563 sunt,
652 1508 681 1552 ut
692 1504 771 1566 ipsum
783 1502 849 1550 inno·

98 1583 264 1634 cmdssimum
273 1576 456 1640 Xcrrophontem
471 1575 564 1638 injuriae
576 1587 607 1624 ex
618 1573 734 1636 petulanti
750 1571 850 1621 insolen-

7 1679 8 1696 2
99 1658 163 1717 tique
184 1652 268 1701 animo
290 1649 364 1698 illatae
386 1651 539 1706 aestuarent,
551 1645 742 1694 criminantesse
760 1647 850 1693 emere

98 1726 127 1776 ab
141 1725 183 1773 illo
196 1720 337 1771 vertentes
349 1730 411 1767 esse.
446 1719 536 1766 Verum
554 1715 622 1764 tacite
632 1713 696 1766 itanc
707 1712 851 1767 criminatio·

98 1809 149 1844 mm
159 1793 233 1842 dduit
241 1791 290 1850 ita,
300 1792 327 1837 ut
338 1786 456 1836 mucedat
466 1785 577 1848 quidem,
590 1798 616 1834 se
627 1784 760 1843 interdum,
772 1795 851 1831 ncces

98 1867 167 1916 diste
179 1865 296 1923 urgente,
312 1858 337 1906 ri
347 1870 375 1906 ac
385 1855 526 1906 uerberibus
536 1868 608 1904 usum
619 1867 687 1914 esse,
699 1853 783 1903 salutis
794 1863 850 1900 cumr

97 1935 217 1984 sinisera
230 1936 282 1980 tum
292 1929 412 1990 ipsorum,
422 1925 462 1988 qui
474 1924 505 1974 de
515 1925 538 1973 vi
545 1927 755 1988 conquererentur,
764 1935 849 1982 musa,

96 2003 138 2054 sed
147 2017 178 2052 es
190 1998 325 2064 pendentia
336 1996 402 2068 nullo
412 1994 491 2044 modo.

367 2147 481 2208 LIBER
502 2147 552 2207 Vl.

68 2305 145 2352 Cim
161 2303 182 2349 i.
200 2300 263 2347 cum
279 2294 459 2356 Paphlagonum
475 2290 573 2353 legatis,
585 2290 674 2353 quihus
691 2287 851 2352 praesentibus

95 2374 120 2420 in
131 2367 246 2420 conririo
255 2366 315 2414 rarii
326 2363 420 2426 generis
430 2362 568 2412 saltationes
580 2363 679 2410 armate
689 2359 849 2418 celebrantur,

95 2433 393 2504 paeeacsocietatesaeta,
402 2432 512 2494 Cotyoris
521 2430 731 2480 tandemuniversi
740 2429 849 2489 solvunt,

96 2517 120 2560 et
138 2520 256 2573 prospero
271 2507 346 2554 rento
361 2504 399 2560 usi
418 2502 449 2551 ad
463 2505 611 2554 ,Harmencm
635 2500 736 2561 Sinopes
753 2503 850 2562 portum

95 2581 234 2644 appellmrt3
253 2575 296 2624 uhi
306 2575 359 2623 dies
371 2573 478 2635 quinque
487 2571 571 2620 morati
581 2571 612 2620 sd
624 2583 699 2619 unum
710 2571 850 2632 Xenophon-

96 2657 144 2701 tem
156 2650 233 2698 totius
243 2645 364 2696 exercitus
376 2641 501 2705 imperinm
519 2640 643 2702 deserunt3
664 2638 721 2698 sed,
733 2639 774 2688 illo
795 2653 850 2700 pru·

95 2723 180 2771 denter
194 2722 338 2774 recusante,
348 2725 450 2763 summae
460 2725 539 2761 rerum
553 2710 680 2774 preficitur
694 2709 851 2771 Chirisoplrus

97 2787 310 2844 rnsdnmouim,
336 2782 407 2832 modo
428 2782 512 2832 redux.
531 2809 561 2817 -
575 2784 636 2830 Cre.
656 2782 688 2829 ll.
709 2779 851 2841 Chirisopho

96 2863 169 2924 igitur
178 2860 242 2911 duce
255 2856 383 2904 universus
394 2853 514 2902 exercitus
527 2850 582 2899 inde
592 2849 730 2899 Heracleam
745 2849 849 2910 navigat.

97 2932 132 2981 ihi
144 2928 265 2979 seditione
279 2922 417 2984 orta„ejm
433 2919 533 2983 imperio
549 2931 602 2970 sese
621 2918 691 2982 primi
707 2918 851 2968 subtrahunt

97 3000 267 3053 mdescum
283 2989 385 3046 Achaeis.
420 2995 504 3055 ltaque
514 2990 621 3040 exercitu
633 2988 746 3041 trifariam
758 2989 849 3052 diviso,

97 3086 152 3135 pars
162 3083 228 3129 una,
239 3080 316 3129 eaque
331 3064 450 3123 maxima,
467 3062 513 3110 init
525 3060 644 3111 Arcadum
655 3064 679 3109 et
696 3060 851 3121 tensorum,

97 3143 138 3205 qui
147 3139 195 3189 sihi
208 3138 293 3185 decem
303 3138 417 3197 praetores
426 3136 520 3191 crosna
530 3131 604 3179 altera
615 3129 765 3191 Chirisophi;
776 3134 851 3181 Xeno

98 3210 194 3275 phontis
205 3207 284 3257 tertia.
302 3231 334 3240 -
345 3207 405 3253 Cas.
419 3206 462 3253 lll.
476 3202 523 3251 Sed
535 3202 583 3257 hic
592 3214 649 3249 mox
658 3201 780 3260 cognitum
798 3207 849 3262 est,

98 3280 163 3345 qnod
177 3278 279 3335 dicunt,
294 3272 421 3322 maeoniis
438 3284 476 3320 res
494 3282 582 3333 parvas
600 3282 718 3331 crescere,
733 3269 851 3320 discordia

98 3350 170 3399 dilabi
199 3346 334 3405 maximam
358 3346 432 3405 atque
454 3342 557 3403 primum
578 3340 696 3401 Arcadas,
727 3341 851 3390 seditionis

98 3424 224 3477 suctores,
238 3413 377 3465 suiumsilii
394 3416 419 3461 et
436 3410 573 3473 cupiditatis
582 3411 698 3471 punirem
709 3411 788 3472 eupit.
820 3412 851 3460 lli

99 3492 161 3539 enim
170 3488 277 3537 naribus
285 3484 374 3535 coactis
383 3482 453 3545 primi
463 3482 654 3543 proticiscunmr,
666 3485 692 3528 nt
702 3481 760 3541 soli,
771 3482 791 3530 si
800 3482 850 3531 lieri

100 3562 191 3624 possit,
207 3557 328 3618 occupent
346 3553 467 3616 predam3
486 3554 512 3601 et
531 3552 556 3599 in
568 3554 638 3613 portu
659 3551 745 3612 Calpes
763 3552 851 3613 egressi

101 3631 217 3690 liittrpnos
225 3624 325 3688 quidem
338 3624 369 3675 ab
380 3622 448 3670 initio
457 3620 595 3683 opprimunt
607 3624 631 3668 et
646 3625 719 3681 agunt
730 3620 851 3682 praedam3

101 3700 140 3749 rel
152 3713 208 3747 mor
217 3733 224 3755 ,
233 3708 284 3745 sino
289 3694 394 3744 alterare
403 3691 524 3740 cohortes
535 3688 642 3738 barbaris
653 3703 716 3739 caesa
723 3695 747 3739 et
758 3690 851 3757 iugata,

100 3775 187 3819 erlem
206 3768 231 3815 in
242 3764 303 3814 colle
314 3763 419 3825 quodam
435 3760 577 3809 obsidentur
589 3775 595 3806 ε
605 3760 645 3807 uhi
662 3758 727 3808 lrautl
738 3760 810 3809 dubie
821 3762 851 3810 de

100 3840 147 3889 ibis
160 3840 242 3885 acirim
253 3837 331 3893 esset,
347 3832 393 3881 nisi
405 3830 553 3892 Xenophon,
564 3829 605 3889 qui
618 3829 643 3877 in
653 3828 736 3877 itinere
750 3829 780 3877 de
791 3830 851 3877 cala·

101 3909 182 3958 mitate
206 3909 346 3955 Craecomm
362 3904 498 3963 acceperat,
515 3912 570 3948 cum
585 3900 636 3947 suis
649 3902 745 3947 strenue
763 3900 852 3949 auxiho

100 3978 221 4035 redisset,
234 3978 260 4023 et
269 3975 438 4033 strategemate
452 3982 512 4018 usus
530 3968 644 4016 barbaros
664 3968 696 4016 ite
712 3970 851 4031 terruisset,

102 4052 141 4107 ut,
149 4042 276 4095 obsidione
283 4040 528 4101 sublsta,adrerrtum
537 4038 589 4100 ejus
599 4052 645 4087 non
655 4042 793 4101 exspectare
803 4054 853 4089 sus·

100 4120 212 4167 linerent.
245 4111 364 4162 Postridie
382 4111 453 4172 igitur
470 4109 551 4157 salros
567 4120 622 4157 cum
639 4108 771 4158 Arcadibus
789 4110 853 4159 rerrit

100 4186 130 4237 ad
140 4186 229 4247 carpos
240 4186 351 4244 portum,
360 4194 408 4243 quo
417 4179 467 4241 jam
479 4178 637 4240 Chirisophus
646 4192 702 4227 cum
716 4179 766 4227 suis
778 4180 853 4241 copiis

101 4258 182 4305 aeirus
194 4254 333 4304 advenerat.
346 4278 378 4286 —
392 4254 449 4300 Crr.
461 4252 503 4298 lv.
520 4248 620 4307 hliiites,
632 4253 766 4298 metuentes
777 4263 807 4299 ne
823 4252 854 4299 ad

7 4334 8 4337 ¹
100 4328 186 4389 carpes
202 4326 298 4387 portum
311 4321 368 4371 urbe
386 4320 537 4378 conderetur,
553 4318 663 4367 nolebant
673 4324 750 4367 castra
766 4334 853 4381 ponere

102 4398 153 4447 loro
168 4400 224 4445 tuto
240 4399 267 4443 et
282 4391 335 4439 urbi
352 4389 505 4440 exstruendae
521 4388 615 4439 idoneo.
649 4388 767 4439 Postridie
784 4391 854 4442 caesis

7 4510 8 4519 ,
101 4466 205 4529 sepultis
220 4464 366 4520 deremnnt,
383 4466 410 4509 nt
418 4460 518 4522 capitale
528 4460 601 4518 iuret,
613 4459 656 4521 qui
667 4460 766 4521 posthac
775 4458 805 4509 de
816 4474 854 4508 oo

7 4524 8 4577 Ῠ
101 4540 145 4600 piis
156 4533 323 4585 distrahendis
333 4530 419 4579 reterre
430 4531 537 4579 auderet.
571 4528 608 4579 Ad
620 4535 793 4589 continentum,
806 4544 854 4593 ipro

7 4592 8 4601 ¹
99 4608 148 4669 jam
164 4604 324 4660 laborabant,
336 4600 521 4663 comparandum
536 4598 615 4659 egredi
630 4600 783 4661 cupientibus
799 4608 854 4649 crta

101 4674 285 4726 nmaddicunt.
318 4674 482 4720 Verunmmen
502 4672 553 4719 Neo
575 4668 623 4717 duo
642 4669 714 4717 millia
731 4670 854 4720 hominum

103 4746 237 4810 praedalum
247 4741 342 4801 educit;
353 4750 395 4791 sea
403 4740 435 4787 ah
444 4739 550 4802 equitatu
562 4739 707 4787 Pharnabazi
719 4742 855 4803 quingentis

102 4818 185 4878 mis,
199 4818 307 4873 ceteros,
320 4811 360 4873 qni
380 4810 521 4859 mmontcm
538 4808 704 4869 confugerant,
723 4810 818 4859 turrilem
831 4812 854 4859 in

103 4894 180 4937 casua
200 4884 295 4934 reducit
314 4881 452 4943 xenophon.
471 4906 501 4915 -
519 4883 577 4929 Cre.
597 4882 628 4926 V.
646 4880 754 4929 Periculo
771 4882 854 4931 moniti

105 4959 202 5007 tandem
219 4954 308 5003 milites
324 4950 446 5001 eastreia
465 4949 516 4997 loco
534 4948 626 4996 nrunito
644 4949 700 5011 poni
722 4950 855 5013 munirique

105 5030 236 5091 patiuntur.
268 5026 332 5073 Tum
361 5034 417 5069 com
447 5020 539 5069 litasset
566 5019 712 5081 xenophon,
744 5020 855 5080 praesidio

105 5098 190 5147 eastris
204 5094 303 5150 relicto,
313 5091 394 5153 copias
412 5090 541 5139 instructas
555 5089 652 5138 educit:
669 5100 736 5149 quae,
754 5090 855 5139 mortuis

106 5168 177 5216 iuria
189 5163 293 5227 sepultis
310 5164 335 5211 et
349 5158 430 5223 prada
445 5160 470 5207 in
485 5160 544 5208 vicis
554 5162 636 5222 capta,
648 5158 761 5207 barbaros
770 5159 856 5211 instro·

108 5242 158 5285 ctos
170 5238 196 5284 in
214 5234 276 5283 colle
290 5230 395 5295 quodam
411 5228 568 5292 conspiciunt.
601 5229 661 5285 ilinc
677 5228 726 5278 scie
741 5228 856 5281 instructa

108 5310 156 5356 arte
165 5317 241 5364 nora,
251 5306 354 5368 pergunt
366 5300 481 5349 adsersus
493 5298 587 5361 hostes,
598 5310 626 5347 ac
642 5296 703 5347 salle
712 5297 855 5360 irrrpeditiori

921 663 1047 724 superuis,
1068 674 1141 724 mam
1163 664 1190 710 ut
1207 661 1335 713 transirent
1354 666 1518 728 xenophontis
1538 669 1667 717 aucmritas

920 730 1046 790 elicuerat,
1058 743 1162 793 pugnam
1176 738 1320 794 conserunt,
1336 737 1361 783 et
1379 735 1475 784 tandem
1492 737 1605 788 barbaros
1617 739 1666 788 rin·

919 805 979 851 cunt
994 802 1136 864 fugantque,
1146 815 1207 865 quos
1222 816 1252 851 ne
1268 803 1362 865 longius
1380 811 1562 869 persequantur,
1579 822 1626 857 nor
1643 811 1669 858 et

920 871 1012 922 itineris
1023 872 1146 933 longitudo
1159 872 1188 921 ad
1205 877 1284 923 castra
1301 889 1378 938 usqne
1390 875 1537 938 impedit-
1554 879 1612 927 Car.
1626 881 1667 928 iil.

920 950 991 998 victa
1000 950 1148 1000 Pharnabazi
1156 964 1229 1000 manu
1238 957 1263 1000 et
1273 952 1367 1014 lugam,
1375 954 1426 1014 iem
1435 955 1541 1018 undique
1550 969 1579 1006 ex
1587 955 1669 1016 liithy-

919 1033 1005 1068 norum
1024 1033 1081 1082 agro
1094 1021 1189 1083 predas
1204 1025 1285 1083 agrum.
1319 1025 1417 1074 interim
1435 1024 1531 1074 advcrdt
1552 1022 1669 1076 Cleander

915 1091 1046 1151 Spartanus
1059 1092 1195 1152 immrosta,
1212 1098 1237 1141 et
1248 1106 1305 1141 carm
1315 1106 1344 1142 eo
1359 1094 1431 1143 simul
1446 1095 1585 1158 Dexipprra,
1597 1096 1669 1144 horno

920 1159 1026 1222 pertidus
1038 1161 1197 1211 acscelestus.
1231 1163 1360 1224 lstedrun,
1374 1165 1517 1214 anennullis
1529 1165 1669 1226 instigatus,

921 1229 1010 1291 proedae
1018 1234 1112 1292 partem
1126 1231 1266 1281 subvertere
1277 1234 1357 1296 cupit,
1368 1235 1467 1284 amibte
1477 1234 1581 1298 quodam
1596 1237 1669 1298 impe·

920 1297 1003 1359 ditur,
1010 1312 1083 1362 quem
1094 1297 1153 1348 dum
1164 1299 1195 1348 ad
1206 1301 1350 1350 Cleandrum
1361 1302 1459 1351 abducit
1465 1320 1473 1363 ;
1488 1305 1670 1366 superveniente

921 1370 1008 1430 Agesis
1030 1374 1055 1419 ct
1074 1368 1185 1420 horiente
1208 1383 1224 1420 a
1242 1371 1359 1422 militibus
1383 1373 1487 1434 iurgatur.
1520 1377 1674 1437 Quapropter·

920 1439 1047 1501 Cleander,
1059 1439 1177 1502 imprimis
1185 1454 1200 1490 a
1208 1442 1317 1505 Dexippo
1327 1443 1451 1504 irritatus,
1460 1445 1592 1506 minitatur,
1602 1458 1669 1504 sese,

921 1509 968 1558 nisi
980 1511 1027 1560 sihi
1035 1509 1068 1560 ad
1078 1510 1226 1572 puniendum
1237 1513 1335 1572 Agasias
1343 1517 1370 1562 et
1379 1513 1448 1563 miles
1460 1516 1580 1576 gregarim
1589 1515 1670 1565 traditi

922 1585 1015 1640 meent,
1030 1580 1174 1630 effecturum
1189 1591 1258 1640 essa,
1275 1585 1302 1630 ut
1315 1583 1421 1632 universi
1439 1597 1454 1630 a
1469 1585 1560 1633 Grecis
1570 1584 1671 1633 urbibus

922 1649 1101 1712 prohibeantur.
1138 1652 1272 1712 Xenophon
1289 1651 1369 1712 igitur,
1384 1653 1425 1700 cni
1441 1653 1494 1702 istae
1513 1654 1586 1702 minse
1605 1653 1669 1702 band

922 1720 1103 1769 mutemnendar
1121 1720 1275 1781 ridebantur,
1292 1722 1411 1783 persuasit
1429 1727 1454 1771 ct
1471 1723 1564 1784 Ageriae
1582 1723 1628 1786 ipsi
1646 1730 1671 1772 et

922 1788 1009 1838 oeteis
1027 1789 1155 1848 omnibus,
1166 1794 1194 1838 nt
1203 1789 1315 1840 Cleaudi
1326 1791 1441 1853 imperata
1453 1791 1556 1841 moerent
1567 1805 1671 1854 eumque

922 1859 1011 1918 queris
1027 1858 1101 1908 modo
1117 1859 1163 1908 sihi
1178 1860 1364 1910 reconciliarent.
1397 1865 1458 1921 lirgo
1473 1863 1507 1911 rei
1524 1863 1557 1910 illi
1573 1875 1670 1910 cansam

923 1924 1082 1989 dicuntapnd
1099 1927 1257 1990 Cleandrum,
1273 1941 1346 1992 quem
1361 1930 1441 1980 verbis
1465 1931 1540 1978 totius
1550 1930 1671 1979 exercitus

923 1999 1110 2059 omnmstrategi
1119 2002 1144 2047 et
1152 1998 1245 2060 locnud
1253 2003 1337 2060 orant,
1348 2004 1374 2049 ut
1384 2000 1480 2062 impune
1489 2000 1594 2049 dimittat
1603 2013 1671 2063 reos,

923 2063 1080 2130 &rerutque
1090 2067 1124 2116 ita
1130 2067 1161 2116 ad
1170 2065 1272 2118 eundem
1279 2081 1401 2119 summum
1407 2070 1527 2120 exercitus
1536 2070 1670 2133 imperinm.

923 2135 997 2196 ilinc,
1012 2137 1078 2198 quod
1095 2141 1190 2197 rogant,
1209 2137 1362 2199 impetrant:
1382 2141 1425 2188 sed
1447 2140 1571 2199 Cleander,
1596 2140 1672 2189 sacris

923 2203 1315 2268 prohibentibus,imperiumdlud
1322 2210 1443 2272 suscipere
1450 2223 1497 2257 non
1505 2213 1592 2272 potest.
1609 2213 1672 2270 Ergo

923 2275 1044 2324 exercitus
1054 2274 1101 2324 soh
1110 2273 1229 2337 prioribus
1238 2276 1353 2336 ducibus,
1367 2292 1409 2339 per
1419 2279 1536 2341 Bithynos
1545 2281 1630 2330 itinere
1639 2279 1671 2328 ta·

922 2347 976 2404 cto,
994 2357 1050 2394 curn
1071 2344 1153 2407 praeda
1170 2345 1246 2396 multe
1262 2347 1421 2410 chrysopolin
1439 2349 1606 2399 Chalcedonis·
1620 2363 1670 2411 por·

923 2413 996 2462 venit.

1184 2559 1296 2619 LIBER
1318 2559 1381 2620 vlt.

892 2712 975 2760 crrsr
990 2715 1008 2760 l.
1020 2715 1150 2763 Anaxibiae
1166 2714 1237 2764 classi
1249 2719 1373 2778 Spartenre
1387 2717 1514 2779 preelectus
1525 2718 1671 2766 Phanrabazi

923 2782 1048 2842 promissis
1056 2784 1198 2845 perdoctus,
1210 2787 1308 2832 Graecos
1316 2790 1344 2833 ut
1353 2798 1384 2833 ex
1394 2786 1449 2834 Asia
1459 2786 1575 2846 trajiciunt
1583 2789 1671 2848 Byzan·

923 2850 994 2910 dum,
1002 2851 1161 2913 spestipendii
1168 2853 1229 2901 taeta
1236 2853 1335 2914 pellicit,
1342 2853 1394 2912 sed,
1402 2855 1543 2915 quiestmos
1553 2855 1671 2918 improbo·

923 2921 1585 2987 mmhomuncionum,nihil,quodpromiseratpraestat.
1604 2926 1671 2976 idem

924 2995 952 3040 ut
966 2992 1228 3051 Byrsntinmexoneret
1241 2994 1278 3042 his
1291 2994 1381 3057 copiis,
1395 2996 1482 3044 iterim
1498 2996 1580 3045 hande
1597 2997 1671 3046 utitur

923 3062 1079 3123 promittens,
1091 3075 1144 3111 sese
1153 3064 1234 3125 copies
1246 3063 1305 3112 urbe
1317 3076 1426 3125 egressas
1436 3065 1608 3114 recensitumm
1618 3080 1672 3115 csse

923 3133 949 3179 et
957 3130 1070 3179 daturum
1080 3131 1144 3182 unde
1156 3132 1246 3181 vivant.
1279 3136 1371 3182 t'erum
1386 3133 1502 3195 egressis,
1519 3135 1594 3196 portis
1607 3136 1672 3183 clau·

924 3200 973 3259 sis,
984 3201 1042 3249 nihil
1054 3206 1165 3263 praestat,
1177 3201 1220 3251 sed
1228 3201 1299 3263 jubet
1312 3202 1418 3265 predam
1432 3216 1501 3265 agere
1510 3218 1540 3252 er
1552 3204 1671 3254 Thracum

924 3270 1019 3321 riciset
1031 3271 1066 3319 ila
1078 3271 1145 3321 shire
1160 3273 1185 3320 in
1203 3273 1380 3322 Chersonesum
1392 3273 1423 3321 ad
1441 3277 1579 3335 Cynrscum.
1613 3277 1673 3324 iiiuc

923 3340 1009 3389 irritati
1021 3340 1123 3400 milites,
1132 3342 1208 3403 portis
1219 3342 1336 3401 effractis,
1348 3343 1372 3391 ri
1384 3343 1552 3405 irrumpentis
1563 3344 1647 3393 urbem
1665 3359 1671 3391 ε

924 3410 1248 3475 sedeosplacatxenophou,
1258 3418 1295 3471 nt,
1307 3413 1371 3462 nulla
1379 3413 1403 3461 vi
1412 3414 1481 3473 lacn,
1490 3415 1576 3463 iterum
1584 3418 1673 3476 Bycen·

924 3482 1062 3531 tioexeant.
1094 3482 1672 3545 tliccoratadesquidemipsisseducemollert,

924 3551 968 3601 sed
977 3550 1059 3613 paucis
1072 3550 1158 3601 diebus
1171 3557 1226 3614 post
1240 3553 1380 3613 repudiatur
1393 3553 1465 3602 borno
1477 3566 1561 3602 vanus.
1576 3580 1606 3589 —
1615 3558 1673 3603 Cro.

924 3622 956 3669 il.
966 3624 1029 3669 Dum
1038 3621 1112 3669 doces
1123 3620 1184 3669 inter
1194 3634 1220 3669 se
1229 3620 1259 3669 de
1269 3622 1362 3683 reliquo
1375 3624 1461 3672 itinere
1473 3623 1590 3672 dissident
1598 3658 1605 3681 ,
1614 3622 1672 3671 inte·

923 3690 970 3739 rim
979 3691 1048 3739 multi
1057 3690 1088 3739 dc
1098 3692 1205 3739 exercitu
1215 3690 1354 3741 dilabunhrr
1369 3693 1475 3742 milites:
1493 3705 1548 3753 quae
1561 3707 1600 3742 res
1609 3698 1675 3754 grata

924 3760 1011 3808 accidit
1030 3760 1148 3810 suardio
1163 3759 1309 3809 Pharnabazi
1327 3762 1537 3824 pollicitationibus
1552 3767 1673 3825 corrupto.

925 3830 986 3879 ilinc
1001 3829 1064 3877 idem
1081 3828 1288 3877 Aristarchormro
1297 3832 1405 3891 Byzantii
1421 3832 1550 3880 lrarmostte
1563 3833 1674 3892 mandat,

925 3902 953 3949 ut
963 3903 1082 3961 quotquot
1095 3897 1126 3948 de
1135 3899 1190 3960 Cyri
1202 3900 1310 3948 exercitu
1324 3902 1453 3961 reperisset
1467 3903 1575 3962 Bymntii
1589 3901 1674 3952 rende·

924 3973 969 4021 ret.
1002 3971 1094 4017 Verum
1107 3982 1164 4018 cum
1183 3982 1235 4018 sea
1250 3970 1406 4019 Phamabazc
1419 3971 1519 4033 negligi,
1534 3976 1560 4019 et
1573 3971 1673 4020 Aristar·

924 4040 999 4088 chum
1014 4039 1046 4087 ah
1062 4038 1147 4088 eodem
1167 4040 1291 4102 promissis
1307 4040 1338 4089 ad
1350 4044 1448 4090 Grecos
1467 4041 1521 4090 ilios
1540 4040 1675 4102 perdendos

926 4108 1067 4172 perductum
1089 4120 1143 4157 csse
1159 4108 1274 4157 sensisset
1297 4123 1303 4158 ι
1325 4112 1418 4159 munta
1444 4113 1540 4171 repente
1558 4112 1675 4159 mutanda

925 4179 1026 4228 arcessit
1054 4177 1236 4240 xenophontem
1259 4179 1428 4241 hortaturque,
1450 4183 1477 4228 ot
1507 4193 1579 4242 quam
1600 4182 1675 4241 possit

926 4248 1050 4298 celerrime
1072 4248 1193 4310 dispersos
1215 4249 1311 4311 mitigat
1336 4249 1475 4299 Perinthum
1496 4254 1522 4297 et
1546 4248 1602 4298 inde
1622 4263 1674 4299 eos·

926 4316 982 4367 dem
1005 4318 1030 4366 in
1046 4318 1127 4367 Asiam
1145 4316 1252 4367 rmumr
1284 4318 1333 4369 sed
1351 4332 1402 4367 rem
1422 4319 1523 4381 impedit
1546 4320 1675 4369 hrbnrchi

926 4388 1080 4450 improbitas,
1097 4388 1161 4450 apud
1172 4401 1245 4450 qoem
1255 4393 1283 4437 nt
1296 4388 1361 4451 apud
1372 4393 1464 4439 ceteros
1480 4394 1612 4452 Spartanos
1622 4396 1674 4439 tum

927 4458 1008 4506 omnia
1023 4461 1121 4516 argento
1132 4458 1226 4507 uenalia
1240 4462 1316 4507 eant.
1348 4460 1579 4519 drgononmirum,
1594 4459 1674 4521 quod,

927 4532 954 4576 nt
963 4527 1300 4588 Pharnahamgratilicarehm
1313 4530 1494 4591 Xenophontem
1504 4530 1584 4592 ipsum
1595 4529 1676 4579 tollere

927 4597 1043 4646 studeret.
1074 4597 1148 4658 lgihu
1166 4598 1300 4660 xenophon
1314 4599 1340 4647 in
1351 4612 1446 4648 summe
1461 4613 1542 4649 rerum
1557 4600 1638 4661 inopia
1651 4604 1676 4648 et

927 4668 1080 4726 ditlieultate,
1107 4680 1155 4729 qua
1175 4668 1265 4717 milites
1280 4669 1355 4731 premi
1373 4670 1483 4731 ridebat,
1502 4682 1557 4718 cum
1582 4670 1676 4718 selcath

927 4739 1086 4801 proficiscitur
1094 4738 1126 4786 ad
1136 4738 1264 4799 Seuthem,
1275 4745 1304 4786 ut
1310 4738 1470 4789 conditionem
1478 4775 1486 4800 ,
1494 4753 1542 4801 qua
1550 4739 1571 4788 is
1579 4743 1676 4789 Grecos

927 4808 992 4870 apud
1002 4822 1056 4857 sese
1067 4806 1186 4869 stipendia
1196 4822 1288 4857 merere
1298 4810 1387 4868 vellet,
1402 4814 1564 4871 cognosceret.
1576 4836 1607 4845 -
1616 4813 1674 4860 Car.

928 4882 971 4927 lii.
981 4878 1073 4938 Greci,
1081 4882 1168 4940 preter
1176 4882 1282 4928 Neoncm
1293 4882 1410 4929 Laconem
1423 4892 1479 4929 cunr
1490 4880 1540 4928 suis
1547 4916 1554 4939 ,
1561 4880 1675 4930 conditio·

927 4948 999 4997 nibus
1016 4950 1114 4999 Seutlrae
1129 4949 1304 5011 comprobatis,
1313 4950 1345 4997 ad
1354 4951 1422 4997 illum
1437 4948 1551 5009 tenduut;
1561 4964 1624 5012 aque
1635 4950 1676 4999 tor·

927 5018 984 5068 dere
993 5021 1128 5078 muhacto,
1139 5019 1212 5068 dures
1219 5020 1330 5069 convivio
1340 5032 1407 5067 more
1415 5018 1535 5068 Thracum
1544 5020 1611 5082 quod
1619 5021 1676 5069 dcii·

927 5088 1023 5149 gentius
1047 5088 1199 5148 describitur,
1226 5090 1385 5153 excipiuntur.
1424 5088 1484 5138 lude
1508 5090 1555 5139 sub
1581 5095 1676 5139 noctem

929 5157 1032 5207 mediam
1057 5163 1140 5207 contra
1160 5160 1243 5207 hostes
1269 5158 1460 5220 proficiscuntur,
1478 5174 1541 5222 quos
1563 5160 1678 5223 postridie

928 5228 1058 5290 imparatos
1072 5232 1097 5277 et
1107 5229 1272 5291 imprudentes
1285 5229 1438 5291 opprimunt,
1448 5234 1474 5279 et
1485 5243 1595 5292 nagnam
1611 5244 1683 5293 many

929 5297 1046 5376 cipiomm
1055 5310 1216 5360 pecommque
1222 5296 1329 5359 praedam
1340 5298 1438 5358 iacirmt.
1448 5324 1479 5334 -
1489 5302 1548 5348 Car.
1558 5302 1600 5348 lv.
1612 5298 1677 5347 vicis
