3725 5950
169 579 1535 620 Ommfflmfflfimmmm

630 765 1054 880 PRAEFATIO.

753 1057 941 1084 -ι-...ιι-

197 1247 241 1315 Ut
272 1239 547 1340 Xenophonteis
573 1239 715 1336 scriptis
740 1261 819 1326 sua,
849 1249 1027 1334 quantum
1053 1234 1131 1331 ejus
1155 1233 1268 1308 hodie
1299 1234 1377 1306 fieri
1406 1247 1550 1332 potest,

154 1365 359 1438 redderetur
376 1361 491 1433 forma
510 1374 545 1432 et
563 1359 766 1457 integritas,
783 1357 857 1453 jam
873 1381 1025 1457 magnus
1038 1357 1246 1430 criticorum
1261 1381 1435 1432 numerus
1448 1357 1552 1430 labo·

32 1501 33 1528 ¹
154 1501 300 1576 raserat,
314 1507 430 1583 quum
448 1479 495 1554 ad
512 1480 690 1580 hocopus
706 1505 744 1552 se
758 1479 937 1552 conterret
948 1484 1152 1554 Lonovrcus
1163 1483 1341 1551 Dmooar.
1362 1483 1395 1550 ls
1409 1480 1552 1577 primus

32 1598 33 1644 l
153 1611 328 1685 librorum
358 1630 468 1680 manu
495 1619 720 1678 exaratorum
749 1605 997 1676 auctoritatem
1023 1607 1118 1698 justa
1150 1602 1253 1675 lance
1275 1601 1485 1700 pensitavit,
1515 1615 1553 1672 et

32 1719 33 1743 l
155 1749 222 1805 tam
239 1755 363 1804 rerum
378 1743 600 1801 narratarum
618 1749 730 1826 quam
743 1725 848 1796 Attici
867 1723 1044 1796 sermonis
1065 1721 1273 1818 cognitione
1296 1721 1442 1810 eximia,
1459 1719 1550 1792 dum

154 1855 210 1928 alii
228 1853 387 1925 editores
405 1847 629 1922 fluctuabant
642 1871 707 1944 per
722 1843 895 1943 plurima,
915 1847 993 1944 ipse
1012 1845 1214 1918 orationem
1229 1842 1486 1942 Xenophontis
1507 1841 1554 1914 ad

154 2001 239 2051 verae
250 1975 395 2048 critices
409 1995 575 2046 normam
593 1967 792 2042 constituit.
813 1965 928 2061 Hujus
946 1965 1054 2064 igitur
1073 1965 1159 2056 viri,
1181 1979 1303 2037 nostra
1320 1961 1427 2036 laude
1445 1962 1553 2034 altio·

155 2099 217 2189 ris,
247 2095 502 2170 recensionem
536 2094 586 2166 ita
622 2105 934 2190 repraesentamus,
966 2104 1008 2161 ut
1037 2111 1217 2188 perpauca
1250 2086 1421 2176 aliorum,
1454 2083 1555 2158 velut

155 2221 314 2310 Dobraei,
347 2220 495 2291 inventa
525 2215 600 2288 suis
625 2213 715 2287 locis
747 2212 882 2284 inserta
909 2208 1015 2308 legas.
1036 2215 1208 2282 Nostrum
1232 2233 1389 2308 namque
1414 2209 1557 2281 institu-

31 2335 32 2344 '
156 2355 229 2417 tum
242 2355 361 2444 quum
374 2337 621 2413 annotationis
640 2359 749 2409 omne
767 2357 882 2432 genus
896 2333 935 2404 in
953 2331 1052 2404 aliud
1066 2347 1209 2432 tempus
1230 2329 1388 2420 differat,
1408 2330 1557 2427 vigilan-

156 2465 240 2538 dum
259 2479 316 2538 cst
338 2487 385 2536 ne
406 2459 496 2560 quid
516 2459 604 2558 ipsis
630 2459 734 2532 tertis
757 2454 972 2528 immittatur
991 2453 1092 2552 quod
1117 2478 1194 2525 non
1219 2477 1347 2524 omnes
1371 2453 1557 2524 contineat

157 2611 328 2660 numeros
346 2584 517 2658 veritatis.

199 2693 429 2805 Quapropter
453 2703 497 2774 iis
519 2703 558 2774 in
584 2701 691 2792 locis,
714 2700 779 2776 ubi
800 2717 1019 2803 praepostero
1041 2702 1171 2776 ordine
1189 2728 1247 2776 res
1262 2703 1480 2791 referuntur,
1505 2726 1559 2772 se·

156 2831 242 2902 r'icm
263 2853 287 2901 c
309 2825 499 2900 codicibus
519 2823 774 2923 manuscriptis
795 2823 1010 2923 productam
1031 2849 1169 2897 servare
1188 2847 1298 2922 quam
1313 2846 1390 2893 non
1408 2819 1556 2916 adjectis

156 2946 358 3023 rationibus
372 2947 598 3018 immutatam
612 2941 718 3018 edere
733 2942 937 3019 maluimus.
948 2945 1093 3020 accedit
1101 2944 1202 3046 quod
1215 2944 1349 3044 scripta
1363 2939 1557 3032 nonnulla,

156 3098 194 3145 ea
210 3070 413 3173 prasertim
433 3092 514 3166 quae
533 3081 619 3141 sunt
634 3064 680 3139 de
696 3066 962 3166 rebuspublicis
982 3068 1192 3141 Atheniensi
1213 3083 1254 3141 et
1271 3065 1559 3139 lacedaemonio·

155 3216 250 3282 rum,
275 3204 382 3289 atque
402 3188 493 3261 adeo
512 3188 668 3261 Historia
689 3192 826 3278 Graeca,
851 3214 928 3262 non
953 3188 1125 3262 videntur
1142 3189 1189 3262 ab
1213 3191 1295 3288 ipso
1316 3186 1559 3286 Xenophonte

156 3314 314 3414 perfecta
338 3328 376 3385 et
398 3310 513 3400 edita,
535 3308 599 3383 sed
621 3334 664 3383 ex
685 3309 826 3383 scriniis
848 3312 983 3384 mortui
1001 3311 1048 3384 ab
1068 3310 1139 3385 alio
1154 3310 1329 3384 collecta:
1351 3333 1425 3408 quo
1447 3310 1560 3405 magis

157 3436 340 3511 lubricum
369 3451 424 3509 cst
445 3434 610 3532 genuina
638 3432 764 3509 talium
791 3436 1008 3533 scriptorum
1029 3433 1169 3527 formae,
1191 3457 1271 3533 quae
1293 3433 1444 3506 tortasse
1467 3456 1562 3504 nun·

158 3550 666 3655 quamexstitit,inveniendae
675 3552 848 3625 studium.
859 3555 1213 3630 Lacedaemoniorum
1223 3572 1345 3629 tamen
1358 3552 1561 3654 respublica

158 3680 240 3777 quia
266 3676 386 3751 multo
412 3676 640 3750 commodius
664 3676 792 3773 legitur
817 3676 1102 3779 intelligiturque
1123 3680 1254 3752 melius
1276 3678 1481 3753 secundum
1508 3704 1562 3752 se·

159 3801 246 3872 ricm
257 3798 307 3872 ab
321 3798 450 3871 Haasio
459 3798 661 3876 institutam
670 3850 680 3888 ,
689 3822 768 3897 quae
777 3796 977 3873 sineduhio
986 3800 1161 3901 adipsum
1167 3802 1428 3901 Xenophontis
1442 3804 1482 3874 in
1498 3802 1558 3874 illa

159 3918 352 3996 scribenda
373 3920 568 3995 consilium
592 3922 755 4021 proxime
779 3919 933 4010 accedit,
954 3944 1033 3995 eam
1052 3921 1125 3995 hoc
1145 3920 1227 3997 loco
1251 3922 1471 3995 indicamus.
1499 3926 1563 3994 Ca-

160 4046 232 4143 pite
251 4072 272 4117 n
289 4044 345 4116 vir
361 4042 490 4117 doctus
503 4046 544 4139 §S
567 4068 610 4117 ιο
623 4060 660 4116 et
678 4066 715 4115 11
734 4044 839 4143 ponit
852 4057 936 4141 post
949 4044 969 4137 S
980 4070 1019 4133 23
1035 4042 1173 4116 ibidem
1186 4044 1356 4119 sectionis
1370 4060 1562 4144 postrema

159 4168 286 4258 rerba,
304 4176 461 4245 Δηλοῦται.
480 4221 488 4236 .
508 4220 516 4237 .
541 4166 708 4263 lapideo,
722 4165 827 4238 initio
841 4164 1004 4261 ejusdem
1021 4168 1208 4257 sectionis,
1225 4182 1267 4239 ut
1276 4167 1351 4264 jam
1368 4168 1562 4266 sequentia

160 4290 288 4381 verba,
303 4288 408 4363 valde
431 4302 615 4389 corrupta,
640 4292 702 4363 Καὶ
726 4290 954 4372 desiderare.
975 4344 1011 4361 ..
1036 4344 1045 4361 .
1066 4294 1290 4388 εὐφραίνεσθαι,
1311 4291 1559 4390 intelligantur

161 4412 206 4485 de
222 4436 348 4500 annua
360 4411 609 4485 verberatione
626 4410 910 4485 adolescentium
930 4412 977 4485 ad
995 4438 1094 4486 aram
1112 4414 1247 4487 Dianae.
1272 4418 1438 4488 Extrema
1451 4414 1561 4489 verba

161 4534 326 4631 ejusdem
343 4534 471 4634 capitis
488 4536 527 4607 in
543 4532 733 4609 codicibus
749 4560 825 4608 non
843 4552 930 4609 sunt
947 4536 1008 4609 illa
1022 4537 1069 4610 ab
1084 4536 1247 4610 Weiskio
1263 4552 1299 4610 et
1313 4551 1399 4635 post
1413 4562 1498 4609 eum
1515 4537 1562 4609 ab

161 4654 365 4729 editoribus
378 4658 552 4731 omnihus
568 4682 610 4731 ex
626 4658 723 4731 tertii
732 4660 857 4757 capitis
873 4658 946 4731 fine
960 4659 1036 4733 huc
1051 4659 1233 4752 translata,
1245 4662 1318 4731 Kal.
1334 4715 1341 4731 .
1359 4714 1367 4731 .
1383 4662 1562 4757 irrepsistis,

61 4872 67 4883 Ι
163 4778 227 4851 sed
242 4803 285 4851 ca
299 4804 380 4876 quae
394 4778 872 4881 nunccomprchenduntur
894 4784 1054 4857 sectione
1068 4783 1093 4855 6
1107 4784 1236 4883 capitis
1259 4781 1293 4855 3.
1310 4780 1487 4857 Codicum
1508 4807 1563 4855 or·

163 4900 290 4975 dinem
310 4917 346 4973 et
358 4900 527 4990 παιδίσκων
540 4928 607 5002 pro
621 4900 769 4977 παιδικῶν
793 4906 1065 5012 recte'restituit
1079 4908 1241 4979 Haasius.
1267 4910 1339 4979 Nos
1367 4906 1563 4979 inveterata

164 5020 287 5095 locum
305 5048 347 5096 ex
367 5024 574 5098 Weislriana
596 5027 795 5099 mutatione
815 5024 958 5123 legendi
975 5026 1202 5101 consuetudo
1223 5025 1268 5099 de
1293 5026 1464 5099 codicum
1484 5024 1558 5098 dis-

165 5168 276 5215 sensu
291 5144 470 5218 fefellerat.
486 5152 527 5219 ln
544 5146 616 5221 lme
631 5150 757 5248 capitis
771 5152 794 5237 ,4
808 5150 864 5220 vir
882 5148 941 5220 ille
955 5148 1084 5222 doctus
1102 5152 1208 5249 ponit
1223 5150 1349 5249 capitis
1372 5172 1416 5221 to
1432 5149 1563 5223 sectio·

167 5290 233 5337 nes
266 5293 302 5357 1,
332 5266 372 5357 3,
399 5296 418 5339 2
442 5269 535 5365 (hoc
561 5271 727 5369 ordine);
747 5287 831 5369 post
859 5273 986 5370 capitis
1019 5300 1056 5345 11
1089 5275 1109 5368 §
1133 5272 1154 5345 3
1180 5275 1332 5345 assumit
1358 5274 1485 5371 capitis
1520 5272 1562 5344 13
