3725 5950
445 506 555 558 396

1498 490 1943 551 ΕΛΛΗΝΙΚΩΝ
1987 492 2175 551 ΒΙΒΛ.
2218 493 2280 550 Δ.
2328 492 2505 551 Kisa».
2549 495 2613 552 Δ.

445 618 614 697 μάνθη
649 608 724 684 οἷς
760 616 934 700 εἴρητο
970 615 1055 684 οὓς
1083 615 1186 676 ἔδει
1213 619 1545 689 ἀποκτεῖναι,
1575 616 1903 694 σπασάμενοι
1930 615 1999 676 τὰ
2087 624 2404 690 significatum
2436 627 2497 677 iis
2525 632 2681 690 esset,
2710 628 2999 691 quibuscum
3029 644 3108 681 res
3140 636 3244 683 erat
3277 599 3633 699 emmunicau,

442 705 563 788 ξίφη
584 706 764 765 ἔπαιον
783 705 872 764 τὸν
894 705 989 784 μέν
1012 727 1129 763 τινα
1149 703 1501 776 συνεστηκότα
1525 707 1578 764 ἐν
1599 704 1805 786 κύκλῳ,
1824 703 1915 764 τὸν
1942 705 1997 764 δὲ
2083 727 2317 779 quosnam
2336 714 2535 765 interfici
2555 720 2819 779 oporteret,
2844 718 3024 768 strictis
3042 719 3110 768 illi
3137 720 3309 782 gladiis
3331 722 3484 772 alium
3503 727 3634 775 consi·

442 793 737 872 καθήμενον
751 839 765 866 ,
785 793 873 852 τὸν
898 791 954 852 δέ
970 816 1087 851 τινα
1108 795 1161 852 ἐν
1183 792 1408 874 θεάτρῳ,
1434 791 1545 852 ἔστι
1560 793 1604 852 δ’
1625 791 1681 852 ὃν
1701 794 1792 853 καὶ
1814 791 1997 874 κριτὴν

442 882 756 959 καθήμενον.
842 880 932 949 Ὡς
950 881 994 938 δ’
1013 878 1244 958 ἐγνώσθη
1266 879 1326 938 τὸ
1347 890 1597 963 πρᾶγμα,
1617 879 1764 948 εὐθὺς
1784 879 1999 961 ἔφευγον

442 972 490 1027 οῖ
512 968 789 1048 βέλτιστοι,
813 971 861 1026 οἱ
883 966 976 1046 μὲν
993 966 1121 1049 πρὸς
1142 966 1211 1025 τὰ
1234 966 1518 1046 ἀγάλματα
1536 972 1640 1026 τῶν
1665 971 1719 1026 ἐν
1740 972 1806 1048 τῇ
1832 970 2001 1050 ἀγορᾷ

442 1060 572 1115 θεῶν
581 1059 662 1130 ,οἱ
690 1056 734 1114 δ’
754 1055 841 1114 ἐπὶ
859 1054 976 1121 τοὺς
1006 1050 1230 1134 βωμούς·
1249 1050 1369 1113 ἔνθα
1399 1054 1461 1126 δὴ
1483 1058 1530 1113 οἱ
1555 1054 1894 1115 ἀνοσιώτατοι
1911 1054 2001 1113 καὶ

441 1143 774 1202 παντάπασιν
804 1141 948 1201 οὐδὲν
972 1141 1192 1222 νόμιμον
1217 1148 1545 1224 φρονοῦντες,
1566 1141 1618 1201 οἵ
1630 1165 1689 1201 τε
1707 1141 2001 1209 κελεύοντες

443 1230 533 1290 καὶ
561 1235 609 1289 οἱ
636 1230 956 1309 πειθόμενοι,
987 1229 1242 1311 ἔσφαττον
1269 1228 1360 1289 καὶ
1386 1230 1514 1312 πρὸς
1548 1239 1656 1298 τοῖς
1683 1233 1852 1312 ἱεροῖς·
1883 1228 1997 1296 ὥςτ’

444 1318 602 1387 ἐνίους
628 1319 720 1379 καὶ
745 1322 848 1377 τῶν
877 1320 935 1378 οὐ
962 1316 1325 1394 τυπτομένων,
1352 1316 1589 1396 νομίμων
1613 1317 1656 1376 δ’
1687 1316 2003 1398 ἀνθρώπων,

446 1408 776 1484 ἀδημονῆσαι
789 1405 880 1473 τὰς
899 1404 1070 1487 ψυχὰς
1088 1404 1288 1471 ἰδόντας
1305 1403 1400 1476 τὴν
1421 1403 1686 1466 ἀσέὸειαν.
1760 1405 1828 1483 (4)
1850 1404 2005 1464 Ἀπο-

443 1494 721 1566 θνήοκουσι
750 1493 793 1552 δ’
823 1492 958 1552 οὕτω
985 1496 1088 1551 τῶν
1118 1489 1212 1570 μὲν
1241 1490 1608 1574 πρεσὸυτέρων
1633 1490 1834 1550 πολλοί·
1867 1494 2006 1569 μᾶλ-

442 1584 532 1641 λον
553 1580 655 1664 γὰρ
683 1581 866 1660 ἔτυχον
887 1583 940 1639 ἐν
964 1584 1029 1660 τῇ
1056 1583 1220 1661 ἀγορᾷ
1249 1579 1406 1647 ὄντες·
1432 1583 1480 1639 οἱ
1504 1577 1559 1638 δὲ
1583 1578 1847 1661 νεώτεροι,
1873 1582 2007 1636 ὓπο-

441 1668 759 1736 πτεύσαντος
801 1665 1121 1746 Πασιμήλου
1162 1666 1222 1726 τὸ
1265 1666 1458 1744 μέλλον
1500 1665 1736 1739 ἔσεσθαι,
1776 1665 2004 1746 ἡσυχίαν

443 1757 598 1837 ἔσχον
637 1759 690 1814 ἐν
726 1760 802 1836 τῷ
844 1754 1077 1838 Κρανίῳ.
1165 1754 1257 1822 Ὡς
1286 1754 1339 1812 δὲ
1366 1760 1460 1827 τῆς
1493 1758 1724 1836 κραυγῆς
1756 1753 2004 1832 ᾔσθοντο,

442 1845 535 1904 καὶ
564 1843 834 1927 φεύγοντές
869 1866 1002 1910 τινες
1038 1845 1097 1901 ἐκ
1123 1848 1212 1900 τοῦ
1252 1842 1561 1924 πράγματος
1599 1841 1844 1923 ἀφίκοντο
1880 1840 2007 1923 πρὸς

445 1932 656 2004 αὐτοὺς,
682 1936 743 1991 ἐκ
768 1929 951 1990 τούτου
981 1929 1364 2009 ἀναδραμόντες
1392 1929 1530 1989 κατὰ
1557 1929 1645 1988 τὸν
1676 1928 2007 2011 Ἀκροκόριν-

444 2024 530 2078 θον
545 2018 972 2101 ,προςὸαλόντας
996 2017 1092 2096 μὲν
1116 2016 1373 2098 Ἀργείους
1401 2016 1492 2076 καὶ
1519 2015 1638 2085 τοὺς
1666 2016 1853 2085 ἄλλους
1877 2020 2007 2075 ἀπε-

444 2106 747 2191 κρούσαντο·
832 2105 899 2185 (5)
924 2103 1309 2184 βουλευομένων
1335 2104 1388 2162 δὲ
1409 2104 1462 2162 τί
1480 2103 1586 2185 χρὴ
1605 2113 1799 2177 ποιεῖν,
1825 2103 2008 2161 πίπτει

443 2194 504 2254 τὸ
527 2192 799 2276 κιόκρανον
831 2192 937 2252 ἀπό
961 2214 1054 2250 του
1082 2191 1246 2258 κίονος
1274 2190 1390 2250 οὔτε
1419 2198 1637 2268 σεισμοῦ
1665 2191 1784 2249 οὔτε
1812 2189 2007 2267 ἀνέμου

340 2324 341 2327 =
444 2281 739 2360 γενομένου.
824 2280 935 2340 Καὶ
958 2277 1223 2356 θυομένοις
1250 2277 1305 2337 δὲ
1329 2301 1549 2338 τοιαυτα
1572 2271 1636 2351 ἦν
1654 2277 1722 2336 τὰ
1743 2276 1920 2360 ἱερὰ“
1882 2301 2007 2343 ωςτε

447 2373 495 2427 οἱ
533 2368 743 2446 μάντεις
781 2367 979 2450 ἔφασαν
1018 2365 1230 2443 ἄμεινον
1271 2356 1405 2424 εἶναι
1441 2364 1777 2425 καταὸαίνειν
1816 2369 1876 2424 ἐκ
1916 2389 2007 2424 του

447 2457 658 2538 χωρίου.
742 2455 854 2516 Καὶ
877 2455 938 2513 τὸ
974 2453 1068 2532 μὲν
1102 2458 1308 2537 πρῶτον
1337 2457 1406 2521 ὣς
1444 2452 1742 2535 φευξόμενοι
1780 2452 1879 2521 ἔξω
1915 2457 2009 2524 τῆς

451 2544 724 2626 Κορινθίας
740 2542 1108 2622 ἀπεχώρησαν·
1127 2541 1240 2600 ἐπεὶ
1260 2541 1314 2599 δὲ
1328 2565 1419 2600 και
1440 2546 1488 2600 οἱ
1505 2541 1645 2622 φίλοι
1664 2538 1851 2608 αὐτους
1872 2540 2012 2599 ἔπει·

450 2636 534 2690 θον
560 2632 650 2690 καὶ
681 2630 900 2713 μητέρες
929 2633 1100 2689 ἱουσαι
1123 2629 1214 2687 καὶ
1242 2628 1485 2710 ἀδελφοὶ,
1505 2629 1597 2688 καὶ
1621 2631 1793 2687 αὐτῶν
1820 2627 1875 2687 δὲ
1902 2651 2006 2685 των

449 2722 500 2779 ἕν
538 2717 755 2796 δυνάμει
782 2718 942 2831 ὄντων
972 2709 1106 2787 ἦσαν
1135 2715 1186 2776 οἳ
1214 2718 1486 2794 ὀμνύοντες
1522 2721 1870 2795 υπισχνοῦντο
1897 2737 2004 2792 μη-

450 2808 530 2864 &tu
514 2812 678 2884 synt]
670 2812 791 2864 ιπιῖῑιιιι
823 2812 917 2864 ιιιξιτ
927 2802 1329 2876 1ιῖ“ιι.τιτιίσεσθαι,
1359 2803 1495 2862 οὕτω
1520 2803 1582 2875 δὴ
1613 2802 1844 2874 ἀπῆλθόν
1875 2825 2008 2868 τινες

995 2895 1301 2972 ·.ἰ[)ρῶντες
1340 2889 1395 2948 δὲ
1424 2889 1541 2956 τους
1576 2888 2006 2969 τυραννεύοντας,

795 2924 951 3036 ²²²OEssss
951 2988 1015 3056 ιιι
1027 3004 1083 3036 ιι,-
1071 2978 1328 3056 ιζομένην
1368 2978 1464 3048 τὴν
1501 2977 1654 3037 πόλιν
1695 2976 1780 3036 διὰ
1820 2977 1879 3035 τὸ
1918 2977 2008 3035 καὶ

450 3068 594 3146 &pv-¹1:
634 3072 967 3124 averruncum
1003 3092 1092 3120 ιι-ιι·
1119 3063 1302 3147 Ἄργος
1341 3065 1456 3124 ἀντὶ
1485 3065 1740 3146 Κορίνθου
1773 3064 1868 3137 τὴν
1897 3089 2008 3124 πα-

835 3180 919 3212 ιιι-ιιι
923 3156 1023 3228 uui-'1
1031 3157 1201 3224 ι-,τθαι
1229 3152 1320 3210 καὶ
1347 3151 1611 3219 πολιτείας
1641 3150 1734 3229 μὲν
1767 3156 2008 3230 ἀναγκα-

875 3240 923 3297 Ἶι
899 3248 1043 3321 *ιιι-ιιι
1075 3198 1336 3318 ιιετέχειν,
1361 3232 1422 3311 ἧς
1445 3240 1590 3299 οὐδὲν
1618 3238 1845 3310 ἐδέοντο,
1871 3242 1923 3297 ἐν
1954 3240 2007 3297 δὲ

450 3357 514 3397 τιτ
546 3353 582 3385 τ.
579 3329 670 3385 ιξξιιι
682 3353 695 3385 ι
735 3353 799 3389 ιιι
803 3353 859 3385 τιιι
867 3329 987 3385 ιἰιιιιι
1019 3329 1229 3386 ιιιαττον
1266 3326 1568 3404 δυνάμενοι,
1608 3326 1840 3404 ἐγένοντό
1876 3352 2009 3395 τινες

454 3421 518 3469 ιιξι
522 3421 586 3473 τΓ
582 3426 622 3473 ιιι
662 3417 707 3473 ιιι
747 3421 827 3473 ι’·ιιιι
1051 3417 1152 3473 ·ιιτω
1187 3416 1280 3494 μὲν
1311 3414 1534 3474 ἀὸίωτον
1571 3406 1719 3473 εἶναι·
1747 3414 2011 3495 πειρωμέ-

454 3525 618 3569 *auu-3³
594 3501 646 3561 Es
670 3505 763 3570 τὴν
787 3529 895 3557 πιιτ
903 3441 1234 3583 ÷÷if;21².t5;usp
1257 3492 1322 3572 ἦν
1345 3500 1436 3560 καὶ
1460 3500 1565 3569 ἐξ’
1537 3507 1727 3583 αρχῆς,
1755 3501 2005 3583 Κόρινθον

450 3613 510 3645 ιτ
506 3597 608 3657 mi:
614 3617 662 3645 ιιι
699 3591 783 3645 ιιιιὶ
823 3593 899 3645 ἐξιι
911 3597 987 3645 ιιιῗιι
995 3617 1087 3669 Ῑίιιιιιι
1117 3588 1382 3657 ἀποδεῖξαι
1411 3588 1500 3647 καὶ
1528 3594 1632 3647 τῶν
1663 3587 1756 3666 μὲν
1790 3588 2009 3669 μιαιφό-

943 3705 1027 3753 ιιι-ιιι
1035 3703 1063 3733 τι
1091 3675 1144 3734 δὲ
1163 3680 1468 3757 χρωμένην,
1493 3668 1710 3744 ἄξιονγ
1660 3700 1819 3748 ειναι,
1843 3679 1890 3733 ει
1915 3677 2010 3753 μὲν

452 3765 688 3822 δύναιντο
726 3765 1062 3845 καταπραξαι
1108 3769 1304 3836 ταῦτα,
1309 3769 1587 3869 ωσωτῆρας
1634 3763 1873 3840 γενέσθαι
1915 3768 2009 3835 τῆς

450 3851 722 3934 πατρίδος,
742 3854 787 3910 εἰ
810 3852 865 3910 δὲ
892 3850 1021 3930 μὴ
993 3849 1254 3922 ούναιντο,
1273 3855 1377 3909 τῶν
1400 3875 1460 3929 γε
1485 3851 1782 3910 καλλίστων
1806 3874 1896 3909 και
1924 3874 2009 3927 με-

449 3938 639 4017 γίστων
678 3941 885 4017 ἀγαθῶν
927 3937 1260 4020 ὀρεγομένους
1298 3936 1726 4009 ἀξιεπαινοτάτης
1766 3939 2010 4007 τελευτῆς

448 4035 643 4105 τυχεῖν.
728 4026 799 4104 (7)
836 4025 994 4086 Οὕτω
1022 4025 1085 4097 δὴ
1127 4028 1464 4105 ἐπιχειρεῖτον
1500 4023 1654 4105 ἄνδρε
1683 4022 1800 4096 δύο,
1829 4021 2009 4082 Πασί-

453 4112 617 4189 μηλός
644 4135 700 4169 τε
727 4113 819 4170 καὶ
849 4110 1148 4188 Ἀλκιμένης
1176 4110 1411 4168 διαδύντε
1439 4108 1526 4167 διὰ
1563 4109 1851 4190 χειμάῤῥου
1882 4132 2010 4186 συγ-

451 4197 687 4276 γενέσθαι
716 4198 956 4279 Πραξίτᾳ
991 4201 1066 4277 τῷ
1104 4194 1532 4273 Λακεδαιμονίων
1567 4195 1919 4277 πολεμάρχῳ,
1958 4195 2012 4264 ὃς

453 4284 706 4363 ἐτύγχανε
736 4283 868 4361 μετὰ
896 4289 990 4355 τῆς
1014 4288 1200 4342 ἑαυτοῦ
1227 4282 1390 4364 μόρας
1418 4286 1652 4363 φρουρῶν
1679 4285 1731 4339 ἐν
1754 4286 2009 4357 Σικυῶνι,

453 4372 543 4431 καὶ
580 4364 726 4430 εἶπον
761 4369 840 4430 ὅτι
866 4370 1090 4429 δύναιντ’
1133 4368 1197 4428 ἂν
1226 4376 1522 4451 παρασχεῖν
1552 4371 1696 4448 αὐτῷ
1725 4367 1913 4435 είςοδον
1942 4372 2012 4435 εἷς

451 4458 520 4519 τὰ
546 4457 915 4519 κατατείνοντα
944 4457 1032 4517 ἐπὶ
1060 4456 1287 4536 Λέχαιον
1315 4456 1483 4536 τείχη.
1568 4455 1637 4516 Ὁ
1666 4454 1720 4513 δὲ
1759 4455 1848 4513 καὶ
1877 4455 2011 4537 πρό-

452 4554 570 4607 σθεν
598 4547 900 4628 γιγνώσκων
929 4546 1004 4606 τὼ
1033 4546 1185 4626 ἄνδρε
1214 4543 1500 4613 ἀξιοπίστω
1533 4542 1676 4616 ὄντε,
1708 4542 2009 4616 ἐπίστευσε,

452 4635 544 4696 καὶ
579 4634 991 4718 διαπραξαμενος
1029 4633 1154 4701 ὥςτε
1199 4633 1290 4692 καὶ
1330 4630 1426 4703 τὴν
1468 4631 1672 4690 ἀπιέναι
1716 4629 2011 4709 μέλλουσαν

453 4727 512 4783 ἐκ
543 4728 803 4791 Σικυῶνος
838 4721 1002 4804 μόραν
1041 4729 1379 4800 καταμεῖναι,
1409 4718 1632 4801 ἔπραττε
1665 4717 1761 4788 τὴν
1799 4717 2007 4784 εἴςοδον.

457 4815 501 4887 (8
504 4813 519 4888 )
548 4810 703 4871 ’Emi
731 4812 784 4868 δὲ
812 4809 886 4868 τὼ
912 4809 1061 4890 ἄνδρε
1087 4808 1177 4867 καὶ
1207 4804 1343 4867 κατὰ
1368 4806 1535 4886 τύχην
1564 4807 1654 4865 καὶ
1683 4830 1785 4864 κατ
1787 4802 2013 4881 ’ἐπιμέ-

453 4901 598 4957 λειαν
622 4896 891 4974 ἐγενέσθην
921 4895 1121 4978 φύλακε
1147 4892 1284 4954 κατὰ
1311 4892 1404 4961 τὰς
1429 4893 1600 4961 πύλας
1627 4891 1821 4960 ταύτας
1850 4892 2010 4951 ἔνθα-

454 5009 554 5065 περ
581 4984 640 5043 τὸ
676 4983 923 5066 τρόπαιον
963 4982 1207 5055 ἕστηκεν,
1245 4982 1378 5040 οὕτω
1415 4981 1478 5053 δὴ
1517 4980 1653 5061 ἔχων
1690 4985 1718 5039 ὁ
1747 4978 2012 5060 Πραξίτας

457 5073 668 5155 ἔρχεται
702 5071 799 5144 την
834 5095 894 5130 τε
920 5070 1087 5152 μόραν
1123 5070 1214 5128 καὶ
1243 5070 1556 5137 Σικυωνίους
1592 5092 1682 5127 και
1725 5064 2011 5148 Κορινθίων

457 5161 566 5219 ὅσοι
593 5158 813 5242 φυγαδες
840 5158 1122 5237 ἐτύγχανον
1150 5158 1308 5224 ὄντες.
1391 5157 1542 5218 Ἐπεὶ
1572 5158 1615 5215 δ’
1643 5148 1706 5229 ἦν
1719 5154 1871 5261 ωπρὸς
1895 5161 2012 5219 ταῖς

457 5246 669 5320 πύλαις,
696 5245 1012 5329 φοὸούμενος
1038 5244 1132 5316 τὴν
1158 5244 1370 5320 εἴςοδον,
1395 5244 1659 5317 ἠὸουλήθη
1683 5248 1786 5302 τῶν
1808 5244 2009 5300 πιστῶν

458 2896 729 2952 ΑἮἍΗΕΕΙΪ

450 2984 662 3038 affnfiu
638 3008 731 3056 &a
735 3004 811 3036 wit

450 3176 796 3232 {³11²

482 3242 650 3317 ιιῖζ-ιειιιι
677 3264 767 3309 ι·
803 3244 812 3252 ²

817 3417 987 3473 ΓΙΜἿἹἯ

454 3701 550 3733 mii
534 3685 735 3757 ικπῦαρ
743 3705 799 3733 au

2085 802 2351 853 stentemin
2368 804 2545 854 circulo
2559 803 2749 865 feriunt,
2764 804 2912 855 alium
2927 805 3189 869 sedentem,
3207 809 3358 859 alium
3376 811 3430 860 in
3444 812 3634 873 theatro,

2088 902 2240 938 unum
2254 890 2398 939 etiam
2411 889 2635 940 ludorum
2644 891 2854 953 judicem
2869 893 3132 944 sed-tem.
3185 899 3254 947 Re
3268 899 3528 960 patefacta,
3543 914 3634 948 mox

2088 977 2344 1039 optimates
2358 978 2534 1041 partim
2548 978 2608 1028 ad
2624 979 2757 1041 signa
2771 979 2991 1043 deorum,
3007 996 3118 1045 quae
3134 973 3183 1032 i²n
3198 984 3300 1034 foro
3311 991 3474 1047 erant,
3489 988 3634 1049 partim

2090 1064 2151 1113 ad
2169 1077 2277 1115 aras
2300 1065 2595 1128 confugiunt.
2660 1069 2786 1117 Tum
2809 1081 2923 1118 vero
2942 1073 2991 1120 et
3009 1070 3077 1119 illi
3094 1107 3109 1131 ,
3126 1072 3209 1133 qui
3224 1072 3468 1134 iubebant
3482 1110 3496 1134 ,
3514 1081 3558 1124 et
3572 1077 3635 1137 qui

2090 1153 2336 1216 parebant,
2358 1153 2495 1216 longe
2508 1155 2723 1204 omnium
2743 1156 3096 1207 sceleratissimi
3114 1160 3332 1210 homines
3345 1197 3361 1222 ,
3382 1175 3586 1224 quorum
3601 1163 3637 1209 in

2090 1240 2262 1290 animis
2285 1241 2404 1290 nibil
2418 1242 2537 1293 recti
2554 1247 2605 1292 et
2617 1243 2745 1306 aequi
2759 1244 2995 1307 reliquum
3014 1251 3170 1309 esset,
3188 1247 3249 1297 ad
3262 1248 3369 1310 ipsa
3386 1248 3540 1298 deum
3557 1253 3640 1300 sana

2090 1328 2365 1378 mactabant
2386 1340 2471 1379 eos
2495 1345 2506 1378 :
2532 1334 2587 1378 ut
2605 1329 2706 1391 iam
2722 1331 2964 1390 nonnulli,
2992 1334 3186 1382 tametsi
3216 1346 3315 1383 non
3339 1335 3639 1396 caederentnr,

2092 1415 2310 1465 homines
2328 1418 2489 1466 tamen
2500 1417 2621 1479 Justi
2642 1431 2699 1467 ac
2720 1420 2879 1480 legum
2901 1420 3239 1482 observantes,
3263 1421 3551 1483 gravissime
3569 1426 3641 1473 aui

2092 1502 2200 1563 mis,
2217 1507 2471 1566 conspecta
2495 1505 2736 1567 impietate
2758 1505 3053 1568 hujusmodi,
3073 1512 3373 1570 angerentur.
3445 1513 3519 1559 lta
3536 1525 3644 1559 com·

2092 1591 2255 1654 plures
2286 1605 2347 1641 ex
2378 1592 2646 1642 senioribus
2677 1594 2821 1643 occisi
2854 1595 2986 1644 tuere
3014 1609 3026 1643 ε
3065 1596 3155 1645 hos
3186 1597 3314 1646 enlm
3352 1599 3644 1659 potissimum

2092 1678 2142 1728 in
2182 1678 2285 1728 soro
2320 1682 2436 1729 tunc
2465 1679 2634 1730 adesse
2670 1682 2884 1744 contigit.
2947 1686 2978 1733 J
2982 1683 3172 1733 uniores
3206 1696 3322 1735 vero
3335 1720 3352 1744 ,
3387 1687 3644 1748 suspicante

2094 1766 2332 1818 Pasimelo
2360 1767 2576 1817 futurum
2595 1769 2870 1830 hujusmodi
2894 1769 3121 1832 quiddam
3135 1807 3150 1831 ,
3175 1772 3226 1820 in
3248 1774 3428 1822 Granio
3450 1787 3502 1822 se
3519 1776 3641 1822 conli-

2092 1853 2286 1904 nebant.
2353 1859 2415 1905 At
2447 1855 2531 1905 ubi
2566 1856 2745 1906 clamor
2778 1857 2973 1906 auditus
3012 1857 3127 1919 suit,
3158 1862 3208 1908 et
3236 1860 3443 1922 quidam
3471 1876 3529 1911 ex
3562 1863 3643 1923 ipsa

2095 1942 2229 1992 caede
2251 1942 2486 2004 rugientes
2500 1944 2563 1992 ad
2580 1956 2663 1994 eos
2684 1950 3032 2008 pervenerunt,
3057 1949 3161 1995 tum
3183 1946 3247 1997 ad
3262 1949 3643 1998 Acrocorinthum

2093 2044 2237 2080 cursu
2252 2030 2543 2092 ascendunt,
2568 2031 2875 2094 obiectosque
2901 2032 3100 2094 Argivos
3122 2036 3171 2083 et
3194 2033 3315 2083 alios
3337 2035 3452 2085 loco
3467 2037 3640 2098 pellunt.

2094 2122 2352 2181 Quumque
2375 2126 2541 2168 seeum
2573 2120 2665 2182 ipsi
2692 2120 3034 2181 deliberarent,
3056 2121 3175 2183 quid
3196 2121 3485 2172 faciundum
3507 2130 3640 2182 esset,

2094 2210 2366 2272 capitellum
2384 2209 2445 2259 de
2458 2211 2679 2260 columna
2696 2211 2903 2274 decidit,
2923 2212 3053 2262 nullo
3066 2225 3224 2276 neque
3238 2218 3382 2263 terrae
3403 2221 3565 2274 motu,
3583 2229 3644 2263 ne·

2094 2314 2189 2365 que
2212 2305 2355 2351 vento
2377 2303 2653 2352 decussum.
2717 2306 2839 2353 Eam
2855 2303 2920 2354 ob
2942 2317 3044 2354 rem
3060 2317 3213 2367 quum
3231 2305 3527 2355 sacrificium
3546 2306 3642 2354 face·

2094 2399 2225 2455 rent,
2250 2395 2483 2456 ejnsmodi
2504 2395 2698 2445 metunt
2719 2402 2855 2456 exta,
2880 2400 2936 2446 ut
2962 2402 3101 2447 vates
3120 2397 3365 2461 dicerent,
3394 2400 3572 2449 rectius
3592 2400 3642 2447 [ιι-

2093 2488 2254 2534 cturos
2267 2521 2281 2545 ,
2306 2486 2348 2534 si
2369 2485 2430 2534 de
2451 2486 2554 2537 loco
2572 2485 2930 2538 descenderent,
2997 2491 3167 2552 ltaque
3184 2489 3344 2552 primo
3363 2495 3588 2555 tanquam
3605 2491 3641 2537 in

2094 2575 2291 2624 exilium
2305 2576 2500 2639 abituri,
2515 2590 2627 2639 agro
2641 2578 2885 2628 Corinthio
2896 2579 3190 2630 excedebant
3206 2598 3218 2630 :
3236 2585 3289 2631 at
3306 2582 3392 2631 ubi
3409 2589 3643 2631 suaserunt

2094 2666 2261 2726 amici,
2285 2672 2488 2730 matres,
2515 2668 2712 2729 fratroe,
2737 2674 2883 2732 atque
2905 2671 3048 2720 etiam
3078 2671 3297 2721 nonnulli
3328 2685 3358 2722 e
3380 2673 3642 2733 magistratu

2096 2757 2187 2806 sub
2202 2758 2509 2819 jurisjurandi
2526 2759 2753 2821 religione
2776 2760 2991 2810 futurum
3014 2761 3210 2824 polliciti
3239 2766 3358 2812 sunt
3377 2769 3442 2813 ut
3463 2764 3574 2814 nibil
3590 2763 3643 2812 eis

2094 2848 2381 2898 incommodi
2410 2849 2669 2910 accideret,
2702 2851 2767 2901 ita
2788 2852 3003 2902 nonnulli
3036 2853 3237 2903 domum
3272 2868 3329 2904 se
3360 2860 3638 2918 receperunt.

2096 2943 2352 3004 Quumque
2391 2943 2718 3005 conspicerent
2752 2956 2836 2993 eos
2849 2981 2864 3006 ‚
2902 2944 2985 3008 qui
3017 2945 3322 3007 tyrannidem
3350 2948 3641 3004 exercebant,

2096 3039 2145 3083 et
2176 3034 2423 3084 civitatem
2463 3034 2610 3084 deleri
2633 3033 3089 3096 animadverterent,
3115 3037 3245 3099 quod
3274 3042 3327 3087 et
3359 3038 3542 3088 limites
3567 3039 3643 3099 agn'

2098 3126 2329 3175 Corinthii
2350 3125 2706 3188 revellerentur,
2734 3131 2783 3176 et
2801 3132 2954 3189 Argus
2980 3141 3066 3190 pro
3090 3128 3325 3178 Corintho
3344 3131 3645 3192 appellaretur

2096 3216 2308 3279 ipsorum
2332 3217 2508 3279 patria,
2535 3222 2819 3279 cogerentur
2839 3223 3003 3268 autem
3033 3218 3244 3268 civitatis
3270 3221 3467 3282 Argiva}
3489 3223 3566 3283 jus
3586 3221 3648 3269 ob-

2096 3309 2269 3369 tinere,
2292 3322 2388 3371 quo
2408 3309 2585 3358 nimine
2606 3308 2903 3370 indigebant,
2928 3309 3030 3372 ipsa
3049 3309 3257 3372 denique
3281 3311 3331 3358 in
3354 3312 3482 3361 urbe
3511 3313 3647 3360 minus

2095 3400 2236 3449 etiam
2251 3436 2265 3461 ,
2290 3413 2434 3463 quam
2453 3402 2584 3449 cives
2611 3399 2858 3463 inquilini,
2879 3403 3076 3462 possent
3099 3416 3111 3447 :
3135 3400 3336 3449 extitere
3362 3404 3582 3451 nonnulli
3600 3415 3644 3450 ex

2096 3491 2239 3554 ipsis,
2276 3493 2357 3554 qui
2400 3493 2471 3542 sic
2504 3505 2808 3556 nequaquam
2850 3491 2941 3541 sibi
2977 3492 3239 3541 vivendum
3281 3492 3610 3542 existimarent
3635 3508 3643 3538 :

2096 3588 2145 3633 at
2169 3585 2209 3632 si
2231 3584 2401 3634 darent
2421 3598 2612 3647 operam
2626 3620 2640 3646 ,
2664 3588 2719 3632 ut
2746 3584 2999 3647 pristinum
3028 3584 3074 3631 in
3098 3589 3280 3633 statum
3314 3597 3371 3634 ac
3398 3586 3646 3635 libertatem

2096 3676 2353 3725 Corinthus
2384 3675 2700 3725 vindicaretur
2719 3680 2769 3724 et
2795 3676 2857 3724 ab
2885 3674 3139 3725 homicidis
3161 3681 3459 3738 expurgata,
3484 3677 3645 3737 legum-

2095 3768 2290 3831 optimis
2308 3766 2743 3829 administraretur,
2764 3768 2959 3829 dignum
2984 3767 3099 3829 ipsis
3122 3780 3230 3816 esse
3244 3803 3259 3827 ,
3285 3773 3340 3816 ut
3359 3773 3644 3817 conservatu-

2096 3873 2172 3909 res
2186 3861 2352 3923 patriae
2371 3860 2555 3920 tierent,
2575 3859 2614 3908 si
2629 3859 2822 3921 quidem
2837 3858 2885 3907 id
2899 3857 3123 3921 perficere
3142 3864 3364 3920 possent;
3388 3860 3467 3907 sin
3490 3860 3643 3911 minus,

2097 3958 2153 4003 ut
2189 3953 2614 4016 pulcherrimorum
2656 3952 3072 4013 maximorumque
3118 3949 3350 4000 bonorum
3400 3951 3642 4014 cupiditate

2095 4045 2254 4106 ducti,
2272 4046 2402 4095 exitu
2422 4045 2534 4093 vitae
2560 4057 2668 4093 cum
2688 4044 2852 4107 primis
2869 4041 3095 4091 laudabili
3111 4042 3395 4105 potirentur.
3487 4047 3555 4091 Ita
3574 4040 3641 4087 wiri

2097 4138 2212 4198 duo,
2223 4137 2488 4187 Pasimclus
2496 4142 2545 4186 et
2554 4136 2837 4196 Alcmenes,
2847 4148 2933 4197 per
2942 4137 3202 4183 torrentem
3212 4131 3458 4196 quendam
3470 4135 3642 4196 egressi.

2098 4232 2336 4283 Praxitam
2360 4228 2718 4279 Polemarchum
2755 4225 3229 4276 Lacedaemoniorum
3249 4227 3514 4274 convenire
3535 4223 3641 4272 insti·

2098 4327 2266 4383 tuunt,
2290 4322 2374 4383 qui
2396 4334 2483 4371 sua
2506 4333 2616 4368 cum
2644 4318 2838 4368 cohorte
2859 4322 2964 4367 tum
2991 4316 3244 4379 Sicyonem
3275 4318 3510 4379 praesidio
3542 4322 3643 4364 tenr-

2097 4417 2195 4466 bat.
2261 4416 2595 4477 Exposuerunt
2608 4411 2746 4473 huic,
2770 4411 2896 4459 intra
2917 4422 3082 4460 muros
3099 4408 3144 4460 ei
3159 4422 3214 4459 se
3230 4408 3569 4472 aditumposse
3581 4420 3640 4468 pa·

2096 4511 2325 4571 tefacere,
2346 4510 2428 4573 qui
2448 4509 2703 4559 Lechaeum
2718 4520 2888 4558 versus
2907 4507 3213 4570 pertinerent.
3277 4508 3366 4557 Ille
3378 4504 3641 4569 jampridem

2095 4603 2309 4665 cognito,
2336 4606 2591 4665 utrumque
2604 4600 2697 4649 lide
2714 4600 2913 4661 dignum
2933 4611 3042 4649 esse
3054 4635 3069 4660 ,
3083 4611 3315 4648 assensus
3327 4604 3404 4649 est
3418 4599 3562 4662 ipsis;
3578 4597 3638 4642 iun

2096 4698 2400 4758 petratoque,
2422 4692 2575 4742 utilia
2597 4703 2789 4754 quoque
2810 4690 2981 4740 cohors
2995 4726 3011 4751 ,
3040 4703 3151 4752 quae
3168 4689 3443 4740 discessura
3467 4692 3642 4750 sic-501*

2096 4786 2275 4847 suerat,
2300 4784 2477 4835 ibidem
2496 4788 2734 4843 maneret,
2754 4781 2815 4833 de
2831 4783 3045 4844 ingressu
3068 4781 3119 4831 in
3140 4780 3311 4831 urbem
3326 4781 3550 4831 cumillis
3564 4792 3641 4838 agr

2096 4878 2195 4928 bat.
2247 4876 2365 4927 Inde
2378 4889 2526 4939 quum
2542 4875 2609 4925 illi
2629 4874 2725 4924 duo
2738 4879 2843 4924 tum
2858 4875 3048 4923 fortuna
3061 4872 3288 4937 quadam,
3309 4877 3413 4922 tum
3429 4872 3642 4921 industria

2095 4983 2185 5020 sua
2196 4969 2421 5019 custodes
2437 4972 2596 5019 essent
2618 4980 2781 5017 earum
2797 4969 3041 5030 portarum
3057 5002 3071 5026 ,
3091 4964 3155 5015 ad
3169 4979 3292 5029 quas
3315 4972 3551 5029 tmpaeum
3573 4968 3642 5012 sta·

2096 5064 2203 5125 bat,
2235 5061 2455 5112 Praxitas
2491 5072 2653 5110 secum
2683 5063 2731 5108 et
2762 5058 3008 5108 cohortem
3031 5057 3163 5107 illam
3177 5093 3191 5114 .
3224 5062 3277 5107 et
3306 5057 3576 5120 Sicyonios,
3607 5058 3644 5100 et

2096 5156 2261 5206 exules
2283 5153 2551 5205 Corinthios
2569 5164 2738 5201 omnes
2754 5149 2936 5200 ducens
2954 5149 3162 5200 advenit.
3232 5150 3307 5201 Ad
3324 5154 3487 5214 portas
3509 5159 3641 5210 quum

2096 5246 2380 5297 accessisset
2396 5243 2612 5309 propius,
2633 5243 2696 5293 ab
2710 5241 2923 5305 ingressu
2942 5238 3031 5290 sibi
3052 5242 3292 5302 metucns,
3312 5239 3551 5304 quendam
3574 5238 3640 5284 hc
