3725 5950
208 515 258 588 xvj
699 509 895 573 uisuotuAE
917 505 1070 568 GRAECAE
1089 505 1333 568 ARGUMENTA

238 643 378 707 imperium,
399 645 531 708 periculosa
551 645 644 695 exstitit
662 645 779 694 adsersus
797 645 925 706 Spartanos
941 651 995 688 eon·

238 713 994 777 spiratiocinadonis,quiseiioninterprincipesspaitanorum

235 776 320 832 haberi
332 797 394 846 aegre
404 785 503 836 terebat.
537 785 583 835 scd
592 786 675 848 ephori
686 786 710 833 iii
719 789 829 834 aucmrcs
838 781 922 836 callide
932 793 994 864 mm

238 863 370 915 prehensos
387 855 605 905 animadverterunt
617 861 689 918 atque
702 856 736 903 ita
747 854 890 916 depulerunt
902 864 993 914 pericu·

237 921 296 972 luni.
307 951 337 960 -
349 928 407 974 cie.
419 929 462 982 lli,
471 929 532 976 Cum
540 927 676 974 nuntiatum
687 929 752 974 esset
761 923 931 974 incedemone
942 934 992 1002 iiis·

236 1005 308 1054 gnam
324 995 348 1043 iii
369 995 480 1044 Phoenice
495 996 572 1044 ornari
591 996 707 1056 classem,
726 996 756 1049 sd
772 994 949 1056 expeditionem
967 1004 991 1039 iii

245 1061 326 1112 Asiam
338 1078 364 1114 se
380 1065 474 1127 pararit
485 1066 624 1126 Agesilaus,
640 1065 753 1126 adjuncto
767 1065 896 1128 Lysandro.
925 1066 992 1144 'cuin

235 1137 316 1185 autem
330 1136 515 1198 Agamemnonis
530 1137 640 1198 exemplo
652 1137 737 1186 Aulide
754 1150 820 1186 sacra
832 1137 909 1184 hacine
923 1140 991 1182 msti-

235 1204 334 1266 tuisset,
347 1207 361 1254 a
374 1207 522 1257 Bmotarchis
537 1207 710 1276 contumeliose
727 1207 855 1270 impeditus
867 1205 990 1268 Ephesum

233 1275 362 1338 navigavit.
376 1277 498 1339 Agesilaus
510 1292 566 1327 cum
577 1278 710 1340 aperuisset
721 1279 874 1341 Tissapliemi
885 1291 910 1326 se
922 1277 953 1325 ad
962 1276 991 1325 li·

234 1345 353 1397 berandas
365 1351 460 1398 arecas
472 1349 496 1397 in
514 1349 568 1404 Asia
582 1347 692 1402 civitates
708 1348 817 1408 venisse,
829 1347 941 1396 inducias
951 1346 991 1396 hic

231 1414 386 1480 jurejurando
404 1418 544 1482 interposito
561 1423 659 1481 pactus,
674 1417 732 1468 dum
748 1431 828 1478 arege
843 1417 902 1468 ihud
918 1415 989 1498 conh-

232 1492 311 1549 ceret,
329 1487 418 1538 bellurn
433 1489 599 1552 compararit:
616 1489 657 1538 sed
673 1488 781 1550 religiose
799 1487 871 1540 iidem
885 1492 990 1537 servavit

232 1558 364 1618 Agesilaus.
396 1559 494 1609 inierim
507 1560 586 1610 Graeci
597 1559 694 1609 Asiatici
705 1557 854 1620 Lysandrum
866 1558 900 1607 ita
909 1559 989 1608 obser·

232 1627 320 1679 rabant
333 1634 359 1678 ut
373 1629 424 1692 ipse
439 1630 515 1694 regis,
530 1631 654 1692 Agesilaus
668 1629 755 1692 privati
770 1629 873 1679 hominis
885 1629 989 1692 speciem

232 1697 339 1748 haberet.
374 1698 988 1762 SensithysandereareoffendiAgesiiaumpetiit·

231 1781 278 1829 que
288 1767 319 1818 ab
327 1781 356 1817 eo
366 1773 392 1818 ut
402 1769 447 1818 sihi
457 1769 513 1818 alibi
523 1769 614 1832 aliquid
626 1771 733 1820 muneris
742 1770 873 1832 gerendum
883 1771 987 1831 assigna·

230 1839 274 1884 ret.
308 1837 398 1887 hlisaus
409 1851 464 1901 ergo
474 1839 500 1888 in
511 1840 694 1903 Hellespontum
703 1840 749 1891 etsi
760 1840 867 1902 Agesilao
877 1853 926 1889 non
936 1841 987 1889 iuu-

230 1904 296 1954 tilem
316 1919 343 1956 se
364 1909 501 1970 praebebat,
518 1915 598 1960 tamni
618 1924 665 1960 nou
687 1924 796 1973 magnam
815 1911 846 1960 ab
864 1923 893 1959 ec
912 1909 988 1960 inibat

229 1974 337 2034 gratiam.
371 1977 543 2039 Tissaphernes
557 1981 627 2030 novis
637 1993 651 2029 a
661 1994 715 2044 rege
726 1981 808 2030 missis
819 1981 893 2043 copiis
905 1995 986 2044 auper-

229 2042 276 2093 bus
296 2042 386 2094 bellum
398 2047 481 2101 indicit
496 2050 619 2112 Agesilao,
634 2052 658 2100 nl
677 2064 706 2100 ex
726 2051 782 2102 Asia
798 2051 906 2102 excedat.
939 2052 987 2102 Sed

230 2113 354 2174 Agesilaus
371 2117 430 2165 nihil
447 2121 545 2170 territus
564 2121 588 2170 iu
607 2121 736 2184 Phrygiam
757 2123 842 2186 irrupit
860 2128 884 2173 et
900 2137 987 2185 magam

229 2184 311 2247 praeda
325 2185 416 2246 potitus
433 2193 477 2238 est.
518 2193 581 2241 cum
591 2205 633 2254 per
642 2193 737 2256 aliquod
750 2199 845 2256 tempus
856 2197 909 2243 tuto
921 2193 986 2242 illam

228 2253 348 2315 regionem
358 2255 518 2320 depopulatus
525 2264 600 2322 esset,
611 2276 667 2311 casu
675 2267 821 2313 concurrunt
828 2263 920 2328 equites
928 2270 985 2326 Age

229 2323 281 2372 silai
294 2337 350 2373 cum
362 2327 509 2378 Pharnabazi
528 2331 664 2393 equitibus,
677 2347 739 2396 quoa
754 2333 795 2382 ilb
812 2347 872 2396 pene
883 2334 985 2384 victores

227 2393 253 2442 in
263 2395 345 2456 tugaiu
355 2398 457 2459 coniecit
467 2399 572 2462 pedestri
584 2404 698 2453 exercitu.
733 2405 870 2467 Insequenti
880 2405 919 2467 die
928 2419 986 2454 cuni

228 2475 295 2513 sacra
305 2464 401 2516 iecisset
409 2468 514 2520 inlausta
523 2472 617 2533 omine,
628 2487 713 2523 ieraus
722 2487 789 2524 mare
799 2488 824 2524 se
833 2476 952 2524 convertit
960 2482 986 2526 et

227 2535 337 2598 equitatu
349 2539 454 2589 maxime
465 2554 492 2590 se
503 2542 621 2592 instruere
632 2544 712 2606 caepit.
746 2549 847 2595 ineunte
857 2560 913 2596 sere
925 2552 984 2610 Age

226 2606 301 2656 silam
311 2609 400 2670 Ephesi
410 2624 506 2661 summo
518 2613 598 2662 studio
609 2614 698 2664 beilum
708 2618 809 2678 paravit.
842 2617 935 2668 Deinde
942 2632 983 2681 po·

228 2681 324 2738 atquem
340 2678 494 2731 calliditatem
511 2684 677 2747 Tissaphemis
695 2687 813 2747 eluserat,
828 2690 901 2737 armis
911 2688 983 2737 etiam

226 2759 282 2796 eum
300 2749 431 2810 superavit.
465 2754 519 2816 lpse
536 2755 708 2816 l'issapliemes
726 2771 781 2806 cum
800 2758 824 2806 iii
841 2771 920 2820 pugna
935 2765 983 2807 nou

226 2816 358 2880 adfuisset,
369 2825 513 2872 Artaxerxes
525 2825 669 2886 proditionis
682 2827 847 2876 insimulatum
858 2829 934 2877 misso
945 2829 982 2877 Ti·

226 2889 334 2941 thrauste
352 2890 454 2942 interfici
465 2894 546 2955 iussit.
563 2919 595 2931 —
606 2900 665 2946 cir.
686 2903 716 2947 v.
736 2905 756 2948 A
772 2898 910 2950 Tithrauste
926 2913 982 2948 cuin

226 2959 350 3022 Agesilaus
363 2974 392 3011 cx
404 2963 462 3013 Asia
473 2963 599 3016 discedere
612 2968 747 3030 juberetur,
760 2976 784 3019 et
801 2970 840 3020 liic
851 2971 933 3033 potius
945 2986 981 3020 re·

225 3044 278 3091 gem
287 3031 366 3093 ipsum
377 3034 463 3085 adoriri
474 3036 639 3099 meditaretur,
652 3040 824 3103 quinquaginta
835 3042 930 3091 talentis
942 3042 982 3093 ille

224 3103 321 3149 Graecos
334 3101 357 3149 in
369 3106 465 3167 Europa
476 3108 594 3169 corrupit,
609 3114 635 3158 ut
647 3110 736 3159 bellum
747 3111 937 3161 Lacedaemoniis
947 3114 981 3163 in·

225 3169 320 3221 sument.
353 3173 980 3244 callidereminstitueruut,quipecuniasillaaacce

224 3246 320 3303 perant,
335 3243 368 3292 ita
382 3249 408 3293 ut
424 3244 469 3308 ipsi
489 3248 663 3299 Lacedaemonii
678 3252 767 3301 bellum
782 3267 877 3304 morere
887 3260 911 3303 et
920 3255 981 3305 The

223 3309 299 3360 banos
313 3318 394 3374 petere
404 3316 480 3365 coacti
491 3320 579 3366 essent.
613 3320 659 3369 sed
672 3320 796 3371 iiiieliciter
808 3323 848 3373 illa
859 3325 981 3387 expeditio

223 3382 305 3431 cessit.
324 3384 451 3439 interiecto
466 3388 530 3435 enim
542 3386 572 3436 ad
585 3390 718 3441 ilaliartum
735 3394 858 3453 Lysandro
870 3409 911 3445 rex
928 3396 980 3458 ipse

225 3453 354 3503 Pausanias
366 3459 451 3517 sponte
461 3470 516 3505 cum
528 3460 633 3509 exercitu
646 3461 704 3509 abiit
715 3477 720 3508 ε
732 3464 774 3525 qui
784 3460 979 3517 absenscrhuine

223 3520 363 3585 proditionis
377 3524 505 3578 damnatus
517 3531 602 3591 Tegeae
614 3532 698 3583 morbo
708 3536 818 3583 mortuus
827 3539 872 3584 est.

489 3664 604 3727 LIBER
625 3666 675 3730 [V.

191 3796 272 3846 cxinr
281 3798 300 3845 l.
313 3798 467 3860 §pithridatis
477 3814 549 3852 suasu
560 3805 683 3867 Agesilaus
694 3807 718 3856 iii
730 3808 915 3871 Paphlagoniam
925 3826 976 3875 pao

222 3864 298 3915 lectus
305 3880 361 3917 cum
370 3873 433 3935 Otye
441 3885 494 3933 rege
502 3873 546 3923 init
554 3875 704 3925 societatem:
715 3878 754 3927 cui
764 3882 917 3937 matrimonio
922 3884 976 3945 jun·

221 3936 508 3999 gitSpitliridatissiliam.
540 3946 898 4014 llibernaeonstituitliascylii.
932 3956 977 4005 llic

221 4018 275 4055 cum
284 4008 566 4073 llerippidasprucdatum
575 4029 686 4075 egressus
694 4019 835 4080 Spitliiidati
847 4030 976 4087 rescaptas

220 4076 373 4139 abstulisset,
390 4081 429 4128 liic
444 4087 517 4133 noctu
533 4096 589 4133 curii
599 4086 651 4134 suis
665 4088 726 4136 clam
743 4096 774 4138 ad
791 4090 896 4141 Aiiaeum
906 4095 974 4144 abiit.

220 4148 277 4194 llos
293 4148 467 4211 Apollophanes
484 4153 629 4215 cyzicenus,
642 4157 730 4220 hospes
746 4163 770 4209 et
787 4160 936 4213 Pharnabazi
950 4171 975 4216 et

220 4216 336 4276 Agesilai,
353 4218 451 4279 perfecit
469 4225 494 4269 ut
507 4222 531 4270 hi
549 4225 692 4277 sentientia
709 4228 867 4293 colloquium,
884 4234 910 4282 in
925 4250 974 4298 quo

220 4286 388 4335 Pharnabazus
396 4287 457 4337 hanc
465 4292 520 4339 tulit
527 4294 688 4346 conditionem
697 4303 723 4347 ut
730 4300 750 4348 si
760 4313 775 4349 a
784 4314 838 4363 rege
846 4306 974 4357 Persarum

220 4355 281 4407 alius
291 4356 425 4418 cujuspiam
437 4360 537 4423 imperio
549 4365 697 4427 subjiciatur,
711 4382 767 4418 eum
779 4372 887 4433 Agesilao
899 4378 973 4426 socie·

220 4428 293 4475 tatem
306 4425 391 4487 iaciat,
408 4428 445 4481 sin
463 4429 506 4495 ipsi
521 4446 643 4485 summum
659 4438 784 4501 imperium
798 4446 972 4509 committatur,

219 4494 682 4569 bellumstremiecuinAgesilaogorat.
716 4510 852 4563 Delectatus
860 4515 912 4576 ejiis
920 4532 971 4568 ora·

219 4563 284 4613 tione
296 4567 420 4626 Agesilaus
437 4574 565 4634 spopondit
581 4588 607 4624 se
623 4578 704 4627 statim
717 4592 747 4629 ex
759 4581 811 4642 ejus
821 4582 910 4636 ditione
922 4588 971 4637 ahi·

218 4638 734 4707 turum,etconcesaitincanipum'lliehes,
766 4652 971 4719 Scdcummagna

219 4704 342 4755 moliretur
358 4707 474 4759 adversus
487 4726 581 4776 regem,
596 4723 722 4767 revocatur
731 4720 830 4772 domurn
845 4726 874 4774 ad
890 4727 970 4778 deien-

218 4772 320 4824 dandam
328 4778 535 4839 patriam-Cia.
545 4788 553 4833 l
557 4789 567 4833 l
570 4822 575 4832 .
584 4788 790 4851 ltaqueady'unctis
798 4807 827 4843 ex
836 4797 892 4845 Asia
897 4800 970 4850 sociis

218 4843 971 4919 eodemitinererediitquoxerxesadbellumGiueciaeiuieren·

218 4912 367 4968 dumiverat.
399 4923 497 4972 Interim
513 4939 567 4975 cum
582 4928 697 4979 corinthii
712 4946 768 4981 cuin
785 4936 857 4985 sociis
870 4937 900 4987 de
914 4939 969 4990 belli

217 4984 307 5038 ratione
319 4990 493 5055 consultarent,
503 4996 676 5049 Lacedmmonii
686 5002 736 5063 jain
747 5004 772 5053 in
781 5018 864 5067 agrum
876 5022 969 5070 proces·

218 5062 298 5105 serant
314 5060 485 5121 Sicyoniorum.
517 5072 544 5117 ln
561 5083 640 5132 pugna
657 5074 715 5123 socii
732 5076 968 5131 Lacedaemoniorum

217 5126 306 5177 cedunt
316 5136 401 5191 praeter
413 5135 557 5201 Pallenaeos,
571 5140 615 5202 ipsi
626 5143 724 5193 vincunt
736 5150 760 5193 et
776 5148 879 5199 victores
891 5152 968 5201 accio·

218 5211 271 5247 rum
281 5200 407 5253 redeuntes
416 5207 520 5258 caedunt.
528 5236 558 5246 -
565 5214 623 5261 cir.
633 5218 677 5263 lll.
689 5216 818 5267 Nuntiatur
828 5219 880 5269 lime
889 5234 968 5282 pugna

218 5269 338 5335 Agesilao,
350 5275 391 5339 qui
401 5276 513 5330 mntiuuo
524 5282 662 5335 eiiitatibus
674 5286 784 5337 Asiaticis
795 5288 895 5341 eandem
907 5304 966 5340 nua-

1068 644 1123 694 tiari
1130 645 1208 706 jubet.
1219 647 1248 696 ln
1257 643 1381 694 'thessalia
1390 645 1493 693 vezahir
1500 655 1516 692 a
1524 641 1672 693 limenorum
1683 639 1769 690 socih:
1780 638 1819 688 sed

1068 716 1191 779 equitibus
1200 717 1252 766 suis
1262 715 1391 766 Thessalos
1402 715 1468 778 ipsos
1478 713 1591 776 equitatu
1600 713 1704 762 maxime
1715 711 1820 791 ndentes

1070 786 1152 838 siricii:
1179 786 1470 839 Adltieotiamaceedenti
1481 785 1580 836 nundus
1587 780 1820 862 afferturdeinieliei

1068 871 1149 921 pugna
1162 860 1240 909 navali
1257 874 1263 907 :
1276 872 1325 922 quo
1335 857 1488 907 dissimulato
1501 855 1581 906 eiiedt
1595 860 1623 904 ut
1636 855 1661 904 lii
1675 854 1723 904 leri
1739 853 1820 915 Proelia

1067 929 1245 978 Lacedaemonii
1261 929 1396 990 superiores
1411 927 1570 978 discederent.
1602 930 1684 987 Pugna
1699 922 1731 971 ad
1746 926 1815 972 coro

1067 1000 1262 1062 neamnneaque
1269 1000 1348 1048 virtus
1357 999 1468 1061 Agesilai.
1485 995 1760 1049 Pintmbeltoterimam
1768 1006 1817 1055 par·

1067 1075 1115 1118 tem
1127 1070 1217 1131 prede
1228 1071 1377 1120 consecravit
1392 1070 1503 1132 Apollini.
1516 1094 1547 1103 -
1556 1069 1615 1116 car.
1624 1068 1672 1146 lv:
1689 1062 1759 1143 Apud
1773 1065 1818 1142 ρο·

1066 1138 1169 1190 riutliios
1180 1140 1266 1190 ultimo
1277 1141 1420 1190 Eucleorum
1431 1141 1470 1190 die
1481 1139 1609 1204 optimates
1620 1147 1687 1198 pacis
1697 1131 1778 1195 cupidi
1790 1131 1819 1179 ab

1066 1209 1208 1260 adversariis
1217 1211 1327 1272 necopini
1337 1211 1473 1260 caeduiuur.
1507 1209 1544 1260 Ab
1555 1211 1698 1268 eotempore
1706 1215 1764 1252 cum
1771 1207 1819 1283 tola

1064 1279 1150 1329 cirins
1160 1279 1206 1330 sub
1218 1281 1360 1342 Argivorum
1371 1280 1487 1330 ditionem
1497 1283 1599 1328 ventura
1610 1275 1742 1354 sideream,
1756 1277 1817 1322 Pasi-

1064 1349 1143 1400 melus
1149 1353 1175 1399 et
1181 1350 1316 1404 Alcimenae
1323 1350 1347 1400 iii
1357 1351 1477 1414 praesidiis
1484 1351 1516 1401 ad
1523 1353 1607 1413 portus
1616 1347 1741 1396 constituti
1749 1348 1818 1424 noctu

1064 1420 1187 1469 Praxitam
1197 1421 1518 1485 hacedaeinoniumsieyoae
1525 1416 1779 1497 mmsuisadductum
1789 1428 1817 1462 in

1065 1493 1101 1538 tra
1109 1503 1193 1541 muros
1204 1491 1331 1554 recipiunt.
1360 1496 1492 1556 insequuto
1503 1492 1543 1542 die
1555 1490 1618 1540 sacta
1630 1502 1710 1552 pugna
1719 1487 1818 1564 vincunt

1062 1561 1252 1623 Lacedaemonii,
1268 1565 1310 1626 qui
1326 1562 1414 1614 dende
1429 1568 1497 1626 parte
1513 1574 1639 1612 murorum
1649 1560 1776 1618 longorum
1786 1553 1817 1634 di-

1063 1635 1117 1679 rata
1130 1635 1156 1680 et
1172 1631 1273 1683 siduntc
1289 1637 1498 1696 Crommyoneque
1514 1635 1585 1695 capta
1600 1628 1739 1679 munierunt
1755 1628 1815 1703 Epu-

1062 1701 1132 1750 ciam.
1164 1699 1715 1766 indeconductitiomtliteutrinquebeliatum.
1754 1695 1817 1758 lphi-

1061 1776 1141 1822 crates
1149 1773 1236 1838 irmpit
1245 1775 1384 1826 Phliuntem
1394 1790 1401 1824 i
1412 1774 1511 1826 Plihasii
1519 1777 1606 1836 sponte
1615 1772 1739 1822 semanim
1749 1769 1817 1816 Lace

1062 1841 1606 1908 demoniosiisquecieitatemsuamtuendam
1614 1840 1720 1891 tradunt.
1751 1837 1818 1887 Athe-

1061 1913 1157 1965 nienses
1180 1929 1264 1965 muros
1282 1917 1462 1966 corhithiorum
1480 1913 1574 1964 times
1597 1911 1706 1962 relidunt
1727 1922 1733 1955 ε
1758 1918 1817 1989 quos

1061 1985 1186 2045 Agesilaus
1194 2000 1280 2036 rursus
1289 1987 1530 2038 demolitur-cie.
1538 1987 1569 2034 V.
1579 1987 1667 2034 Postea
1675 1992 1731 2029 cum
1741 1982 1817 2057 Piraep

1061 2058 1131 2115 portu
1142 2056 1259 2104 corinthii
1269 2069 1327 2118 opes
1337 2070 1395 2106 suas
1407 2059 1539 2114 tuerentur,
1549 2065 1633 2104 rursus
1642 2049 1817 2127 Lacedaemonii

1062 2126 1170 2188 Agesilao
1178 2126 1238 2176 duce
1247 2127 1337 2176 bellum
1347 2128 1377 2176 iis
1388 2127 1528 2177 intulerunt
1560 2125 1606 2174 llic
1620 2134 1677 2201 cum
1689 2120 1817 2196 reperisset

1060 2199 1158 2256 portum
1169 2196 1237 2246 illum
1249 2209 1338 2258 magno
1347 2197 1459 2260 praesidio
1467 2195 1603 2251 munitum,
1618 2189 1703 2241 callide
1718 2188 1776 2236 lecit
1791 2189 1816 2233 ut

1060 2266 1202 2326 praesidiarii
1210 2267 1359 2318 discedment
1367 2267 1462 2330 ipsique
1474 2262 1606 2326 occupandi
1621 2264 1706 2323 portus
1718 2257 1816 2335 iacuitq-

1059 2337 1110 2384 tem
1128 2338 1270 2400 preberent
1302 2337 1435 2400 occupavit
1451 2341 1476 2386 et
1486 2333 1613 2383 castellum
1632 2342 1702 2411 :quo
1718 2329 1784 2407 laeto
1800 2325 1815 2372 il

1059 2406 1102 2469 qui
1117 2409 1231 2457 lleraeum
1244 2409 1400 2469 confugerant
1414 2409 1500 2470 sponte
1516 2415 1646 2479 mariaque
1657 2413 1704 2464 ipsi
1720 2396 1815 2446 deditio

1060 2481 1124 2527 runt.
1157 2479 1335 2540 Ejuslaetitiiim
1348 2477 1456 2528 turbavit
1466 2475 1566 2525 nimbus
1577 2473 1607 2523 de
1624 2484 1692 2521 mora
1704 2467 1813 2520 Lacedae·

1059 2547 1194 2598 monimum
1210 2551 1296 2600 deleta.
1330 2553 1391 2599 llam
1405 2547 1541 2610 Amyclaeos
1553 2545 1584 2594 ad
1595 2541 1736 2622 celebranda
1754 2541 1813 2618 llys·

1058 2615 1148 2666 cinttria
1166 2618 1242 2668 ituros
1258 2619 1368 2682 peltastae
1386 2618 1504 2682 iphicrate
1522 2617 1584 2666 dirce
1604 2625 1687 2676 paens
1705 2613 1814 2671 exceptis

1057 2687 1221 2738 conciderunt.
1254 2690 1377 2752 Agesilaus
1392 2689 1480 2739 deiude
1493 2687 1577 2737 relicta
1591 2685 1622 2734 ad
1636 2682 1754 2734 tuendum
1772 2682 1812 2728 Le·

1057 2756 1154 2806 chaeum
1172 2771 1239 2808 mora
1257 2759 1357 2809 domum
1372 2763 1410 2808 est
1426 2759 1556 2821 proiectus.
1573 2783 1604 2792 —
1617 2759 1676 2805 cae.
1691 2756 1730 2802 Vl.
1750 2755 1813 2801 cuni

1057 2826 1181 2888 calydonii
1191 2831 1333 2879 Achaeomm
1343 2830 1402 2879 socii
1412 2830 1443 2878 ah
1452 2828 1617 2880 Acamanihua
1630 2824 1693 2875 bdlo
1705 2826 1812 2885 petereri¹

1024 2946 1032 2957 ,
1057 2893 1812 2962 tur,denuohaeedaemoaiiduceAgeailaoexcitautuiadopem

1056 2968 1151 3019 Actaeis
1164 2971 1294 3021 terendam.
1327 2976 1390 3023 cum
1401 2972 1440 3022 his
1457 2986 1512 3033 ergo
1524 2970 1666 3033 conjunctus
1682 2966 1809 3028 Agesilaus

1056 3042 1214 3091 Acamairiam
1231 3044 1335 3093 vastant
1352 3056 1483 3106 eorumque
1502 3042 1585 3104 copias
1600 3040 1671 3090 ludit.
1714 3037 1811 3119 Nullam

1057 3114 1136 3160 tameii
1154 3113 1217 3175 oepit
1237 3114 1330 3164 urbem.
1374 3118 1455 3171 Quare
1473 3127 1530 3163 cum
1552 3113 1632 3161 minus
1654 3109 1812 3190 satisfecisset

1055 3182 1162 3245 Achaeis,
1185 3185 1295 3246 promisit
1313 3198 1340 3234 se
1359 3185 1494 3248 insequenti
1508 3198 1571 3235 auno
1594 3182 1685 3235 bellum
1701 3179 1810 3261 redinte-

1054 3258 1191 3314 gratarum,
1207 3260 1280 3318 atque
1291 3256 1325 3304 ita
1336 3256 1436 3305 domum
1446 3255 1525 3305 rediit.
1542 3281 1574 3290 —
1589 3257 1649 3303 Cae.
1670 3254 1723 3331 vll.
1735 3253 1809 3297 initio

1054 3324 1118 3372 veris
1127 3336 1183 3373 cum
1197 3325 1285 3375 bellum
1304 3327 1350 3376 sibi
1365 3340 1380 3375 a
1393 3326 1582 3377 Lacedaemoniis
1593 3325 1683 3373 instare
1698 3319 1809 3370 viderent

1054 3396 1203 3455 Ammaaes,
1213 3408 1268 3444 cum
1279 3396 1316 3445 his
1324 3396 1479 3455 seuientem,
1487 3409 1545 3448 cum
1552 3394 1645 3445 Achaeis
1654 3404 1738 3455 paoem
1748 3390 1810 3439 lece

1054 3469 1117 3513 runt.
1151 3466 1324 3515 Lacedaemonii
1349 3470 1430 3515 anem
1454 3466 1543 3515 bellum
1568 3464 1686 3514 ediusus
1707 3465 1809 3521 Argaios

1053 3532 1202 3583 decernunt:
1214 3549 1276 3597 quos
1288 3536 1420 3598 Agesipohs
1431 3539 1529 3598 repente
1539 3546 1667 3597 oppressos
1679 3531 1808 3581 vehemen-

1045 3606 1090 3652 ter
1100 3604 1193 3654 afflixit.
1226 3608 1311 3666 ldagua
1322 3618 1380 3654 vero
1391 3606 1492 3655 audacia
1506 3605 1613 3667 proxime
1624 3602 1656 3651 ad
1671 3600 1757 3650 urbem
1770 3614 1807 3652 ac·

1052 3674 1125 3724 cessit
1132 3680 1276 3737 etmagnum
1283 3676 1507 3740 itssepeierrorem
1515 3674 1727 3725 incussit—cii.
1736 3674 1806 3721 Vlll.

1052 3747 1150 3795 loterim
1162 3748 1330 3798 Pharnabazus
1341 3749 1367 3796 et
1377 3751 1473 3807 conon,
1483 3761 1525 3810 per
1536 3745 1627 3795 insulas
1637 3747 1662 3795 et
1672 3742 1744 3791 urbes
1756 3754 1807 3823 niae

1051 3812 1806 3878 iitimaslrarinostisLacedaemoniorumexpulsis‚multossibi

1051 3888 1130 3937 socios
1145 3889 1310 3949 adiunxerant.
1353 3887 1464 3949 Abydum
1475 3900 1534 3936 vero
1549 3891 1575 3937 et
1592 3890 1693 3965 Sestum·
1705 3883 1805 3932 tenebat

1051 3956 1196 4020 Dercyllidas
1207 3972 1286 4021 neque
1297 3958 1466 4007 Pliarnahazus
1476 3970 1518 4007 eas
1529 3957 1602 4006 urbes
1614 3955 1647 4004 illi
1659 3967 1751 4015 eripere
1763 3966 1804 4014 pe

1051 4031 1120 4076 terat.
1147 4027 1281 4077 luitioanni
1289 4028 1456 4078 Pharnabazus
1464 4041 1520 4077 cuin
1528 4024 1806 4085 cononemagnaclasse

1050 4098 1080 4147 ad
1092 4098 1283 4160 Peloponnesum
1290 4098 1411 4149 acceditet
1421 4099 1497 4150 multa
1506 4097 1625 4146 maritima
1632 4100 1718 4175 vastat.
1729 4094 1804 4174 'lude

1049 4181 1076 4217 se
1090 4166 1206 4227 recipiens
1218 4168 1323 4230 cythera
1332 4173 1448 4230 occupat,
1464 4172 1490 4216 et
1500 4168 1623 4217 hermesta
1639 4164 1801 4229 praesidioque

1048 4238 1082 4289 ibi
1094 4236 1175 4286 relicto
1187 4238 1305 4288 isthmum
1317 4239 1425 4288 corimhi
1438 4239 1513 4301 petit,
1526 4238 1569 4286 ubi
1585 4237 1663 4286 socios
1674 4233 1803 4287 continuat

1048 4313 1073 4357 et
1082 4308 1183 4369 pecunia
1194 4315 1271 4357 ornat.
1305 4309 1365 4357 ilinc
1374 4322 1429 4357 cum
1441 4308 1529 4358 rediret
1538 4308 1638 4356 domum
1649 4306 1753 4354 classem
1765 4318 1802 4352 re·

1048 4380 1118 4440 liquit
1129 4379 1220 4427 cenom
1233 4395 1238 4427 :
1251 4380 1307 4441 qui,
1320 4381 1349 4427 ut
1358 4378 1514 4441 promiserat,
1526 4378 1614 4428 deinde
1624 4388 1706 4425 muros
1717 4374 1802 4435 lomus

1048 4450 1180 4511 Pireelque
1191 4448 1348 4498 munitionem
1365 4462 1489 4510 magnaei
1499 4453 1566 4512 parte
1582 4448 1695 4498 restituit.
1726 4449 1801 4527 hsce-

1046 4520 1158 4569 daunonii
1171 4519 1216 4568 hac
1226 4519 1495 4575 reauditaAutalcidam
1507 4520 1621 4580 mittunt,
1633 4519 1675 4581 qui
1687 4517 1800 4566 Tiribazo

1046 4593 1177 4652 exponeret
1186 4590 1244 4652 quid
1254 4603 1334 4639 rerum
1344 4590 1444 4652 pecunia
1453 4590 1517 4653 regia
1526 4595 1655 4653 gereretur,
1665 4602 1800 4652 pacemque

1046 4672 1103 4709 cum
1119 4673 1174 4721 rege
1192 4660 1288 4709 iaceret.
1319 4661 1426 4722 Exponit
1443 4661 1483 4710 hie
1501 4662 1613 4711 mandata
1629 4664 1655 4709 et
1671 4660 1755 4721 oiiert,
1770 4665 1799 4707 ut

1046 4743 1129 4779 omnes
1137 4730 1222 4778 insulae
1231 4736 1255 4779 et
1264 4731 1374 4780 civitates
1383 4731 1649 4782 Asiaticaesintliberae.
1682 4731 1800 4780 Miserant

1044 4805 1070 4851 et
1078 4800 1235 4849 Athenienses
1244 4801 1376 4864 reliquique
1383 4803 1490 4865 legatos,
1500 4803 1589 4866 quibus
1598 4802 1638 4851 illa
1647 4800 1751 4851 mmditio
1761 4804 1797 4851 ii·

1045 4870 1147 4920 debatur
1166 4871 1323 4933 iniquissima.
1372 4874 1495 4923 Tiribazus
1520 4871 1708 4923 Lacedaemoniis
1733 4872 1797 4921 clarii

1044 4942 1145 5004 pecunia
1154 4942 1279 4991 instructis
1291 4947 1413 4994 cononem
1427 4945 1530 5009 majeg't
1540 4944 1566 4993 in
1577 4944 1675 4992 vincula
1687 4947 1711 4992 et
1720 4944 1797 5004 prole

1042 5012 1491 5072 ctusadiegemdehisrebusretulit.
1524 5015 1795 5064 liexmittitstmtham

1043 5083 1074 5132 ad
1083 5096 1121 5132 res
1130 5084 1261 5133 maritimas
1272 5085 1395 5146 gerendas.
1428 5087 1473 5136 llic
1482 5085 1579 5135 favebat
1588 5085 1772 5134 Atheniensibus
1787 5101 1794 5133 z

1044 5154 1107 5202 unde
1118 5154 1291 5203 Lacedaemonii
1302 5155 1420 5205 adversus
1430 5171 1487 5205 euin
1498 5156 1597 5205 mittunt
1609 5156 1794 5215 Thimbmnem,

1043 5223 1086 5272 aed
1106 5225 1210 5273 inlausta
1230 5239 1352 5275 successu.
1386 5227 1423 5277 Ad
1440 5227 1537 5277 exsules
1556 5226 1704 5276 Rhodiomm
1723 5228 1793 5277 resti·

1045 5292 1144 5343 tuendos
1160 5296 1346 5359 popularemque
1361 5299 1451 5346 statum
1469 5294 1600 5349 tedenderit
1616 5298 1792 5350 lacedemonii
