3725 5950
230 511 266 556 lix

260 627 401 687 spartanam
413 633 536 685 aggressos
545 621 646 684 purten
656 621 785 684 pmdenter
794 627 820 672 et
830 622 921 672 leuiter
932 621 1010 671 delen·

260 696 305 746 dit.
339 698 400 744 Cum
414 693 463 756 iun
482 697 577 756 propter
589 697 685 742 aetatem
702 691 731 742 ad
749 693 858 742 mititiam
871 693 1011 742 imbecillior

261 766 393 826 rideretur,
411 763 569 824 legationibus
592 763 696 817 maxime
714 763 832 812 obeundis
850 764 966 825 pecunias
986 761 1010 810 in

261 836 395 886 subsidium
408 834 491 896 patriae
508 833 609 894 mllegit.
643 832 690 882 sed
709 837 788 882 tamen
807 845 879 882 senex
890 833 1011 894 octoginta

259 919 375 956 umroruru
390 905 420 954 ab
434 903 600 966 AEgyptiorum
609 915 664 964 rege
675 903 765 952 auxilio
783 908 897 964 recatus,
910 916 968 951 mox
979 902 1011 951 ab

261 977 346 1027 eodem
359 977 480 1035 offensus,
499 972 661 1024 adversarium
673 973 725 1034 ejus
745 973 769 1022 in
787 985 858 1036 regno
875 973 1010 1033 constituit,

263 1053 336 1110 atque
347 1048 380 1097 ita
394 1047 458 1096 socio
467 1044 654 1096 Lacedaemoniis
663 1044 778 1105 adjuncto
789 1050 814 1094 et
823 1045 930 1108 pecuniis
941 1044 1011 1092 abeo

263 1119 380 1182 acceptis,
389 1117 472 1181 patriae
479 1130 525 1166 non
536 1129 619 1178 parum
629 1115 724 1178 proluit.
735 1141 766 1150 —
777 1118 834 1164 Cur.
848 1118 891 1165 tii.
899 1114 1011 1164 Maximis

265 1190 388 1252 Agesilaus
396 1188 525 1238 virtutibus
533 1187 575 1236 tuit
584 1186 810 1248 praeditus-cnr.
822 1189 865 1236 tv.
874 1187 961 1248 pietate
970 1183 1010 1232 sd·

263 1274 346 1310 versus
355 1259 427 1318 deos,
432 1258 574 1320 justitia,-
584 1260 642 1307 cau.
650 1260 680 1306 V.
689 1255 847 1315 continentia,
856 1283 887 1292 -
894 1259 954 1306 (lau.
966 1258 1009 1305 Vt.

261 1330 399 1380 tortitudine
405 1333 430 1380 et
438 1330 561 1393 sapientia.
570 1330 668 1378 —csn
676 1330 730 1377 vll.
739 1325 1011 1379 Demonstraturdeinde

261 1415 328 1452 autor
340 1401 442 1463 Agesilai
453 1413 508 1461 erga
523 1399 590 1448 eires
601 1401 626 1448 et
638 1397 756 1448 adversus
765 1401 862 1447 Graecos
875 1411 973 1458 ornnes,
984 1401 1011 1446 et

261 1471 344 1523 odium
362 1473 414 1535 eius
432 1471 548 1521 adversus
567 1469 688 1519 barbaros.
706 1495 736 1504 —
747 1471 804 1518 cur.
824 1471 890 1518 Vllt.
908 1467 1011 1529 Agesilai

261 1545 376 1602 comitas,
392 1543 490 1605 spiritus
502 1539 594 1602 regius,
607 1539 743 1601 trugnlitas;
761 1551 817 1602 qum
831 1537 934 1588 virtutes
947 1539 1010 1588 aba·

261 1627 309 1675 quc
320 1614 359 1664 bis
369 1612 453 1662 affines
469 1612 636 1672 comparantur
647 1623 703 1658 cum
714 1608 779 1658 vitiis
796 1609 857 1670 regis
868 1613 1010 1670 Persarum,

262 1687 358 1734 mcor.
367 1685 445 1744 llt,lt.
454 1687 481 1732 ut
489 1680 612 1743 Agesilaus
619 1683 685 1728 muto
693 1679 846 1732 excellentior
852 1683 1011 1742 appareat.—

262 1759 320 1804 (ω’.
343 1757 384 1804 xl.
407 1751 535 1802 Sententiis
558 1749 671 1799 breuibus
692 1750 761 1811 quasi
781 1749 895 1812 principia
914 1749 1010 1800 ubertis

260 1827 339 1876 omnis
351 1822 451 1887 Agesilai
463 1823 620 1886 explicantur,
631 1820 728 1870 exordio
737 1833 751 1869 a
760 1820 848 1884 pietate
857 1825 946 1870 sumto.

535 1974 698 1998 -oouo—

531 2095 709 2173 tuane.

230 2263 311 2311 creua
321 2260 340 2306 t.
352 2251 463 2304 ostendit
472 2250 544 2301 ltiero
551 2249 634 2312 plures
642 2247 780 2310 uoluptates
786 2259 830 2310 per
838 2259 924 2296 seusus
935 2248 1010 2310 perei-

260 2321 764 2392 pereprivatosirominesquamtyrendos.
797 2317 920 2367 lloseoim
929 2319 1010 2369 minus

261 2400 375 2448 interesse
394 2405 465 2456 posse
483 2388 627 2453 spectaculis
647 2387 767 2448 rebusque
791 2386 874 2436 oculos
891 2389 1010 2450 pasoenti-

260 2471 306 2520 bus
319 2483 325 2514 :
336 2459 598 2527 nequemngisaurium
608 2459 677 2508 suavi
687 2471 759 2506 sensu
770 2457 883 2507 delectari
895 2472 900 2504 :
913 2458 1009 2509 laudem

259 2540 325 2590 enim
334 2547 382 2598 qua
392 2533 430 2582 vel
441 2531 545 2580 maxime
554 2529 678 2578 bominum
686 2541 755 2576 aures
763 2527 922 2589 mulceantur,
930 2533 1009 2590 tyran

260 2604 376 2657 uistribui
384 2605 535 2664 suspectam:
549 2598 615 2648 cibos
625 2603 746 2660 potusque
755 2599 866 2661 quamvis
875 2600 1009 2662 exquisitos

260 2689 344 2741 parum
351 2671 478 2722 suavitatis
487 2668 584 2728 offerre,
594 2681 648 2716 eum
656 2666 738 2716 creber
745 2679 805 2716 usus
814 2670 838 2717 et
847 2668 916 2730 copia
925 2669 1010 2728 atterat

261 2746 382 2798 fastidium
398 2758 404 2790 ε
419 2743 505 2792 odores
515 2738 673 2788 suavissimos
683 2738 773 2799 quibus
784 2742 913 2799 ungantur,
932 2743 1010 2802 magis

260 2817 342 2868 sentiri
353 2815 384 2864 ab
397 2814 451 2861 eliis
462 2823 535 2873 quam
544 2823 559 2856 a
567 2808 663 2868 regibus
675 2808 736 2869 ipsis
749 2822 755 2856 ι
766 2807 790 2856 in
802 2821 828 2856 re
842 2810 958 2858 arnetoria
968 2810 1009 2861 de.

260 2889 332 2951 nique
341 2885 439 2935 eosdem
455 2883 523 2942 longe
540 2879 726 2928 iulerioresesse
740 2878 891 2940 privetis-
906 2883 964 2929 Car.
976 2886 1007 2932 ll.

189 2984 194 2999 ·
259 2961 315 3011 llius
332 2957 491 3018 voluptatese
506 2949 618 3001 sensibus
636 2951 720 3012 captas
734 2948 870 2999 Simonides
886 2949 944 3001 dicit
956 2966 1009 3003 esse

229 3048 231 3053 ¹
259 3024 495 3091 exiguasetmajores
503 3024 822 3080 reseommemorntquarunr
830 3019 907 3071 fructu
916 3025 1010 3083 tyranni

258 3102 386 3151 videantur
399 3094 525 3144 beatiores.
560 3090 606 3140 sed
621 3093 703 3138 contra
715 3090 788 3138 Hiero
797 3088 882 3138 dooere
892 3091 1009 3154 instituit,

258 3168 407 3236 tyrannidem
417 3178 470 3215 esse
483 3160 631 3225 splendidam
642 3159 762 3208 miseriam
775 3164 800 3208 ct
812 3161 923 3211 maximis
939 3162 1008 3214 bonis

259 3250 373 3302 tyrannos
383 3247 476 3292 carere,
491 3232 593 3295 plurima
603 3230 665 3279 mala
683 3228 793 3291 experiri.
826 3229 894 3279 Foris
908 3232 1009 3283 enimet

259 3312 323 3363 donni
332 3309 363 3358 ab
374 3304 484 3355 hostibus
494 3307 518 3352 et
532 3300 713 3350 insidiatoribus
726 3300 840 3349 obsessos
849 3312 920 3350 esset
936 3306 1009 3366 atque

257 3370 533 3433 bellommiueommoda
541 3384 597 3432 quae
608 3370 656 3418 siut
670 3368 758 3417 trabem
769 3370 906 3419 communia
914 3379 971 3421 cum
981 3372 1008 3421 li·

257 3452 322 3503 beris
340 3442 492 3502 civitatibus,
510 3441 552 3490 sed
569 3438 702 3489 commodis
720 3452 776 3501 quse
797 3439 958 3501 percipiantur
978 3458 1008 3493 ex

258 3523 372 3575 belionon
382 3518 438 3565 item
447 3514 501 3562 troi.
512 3514 607 3561 -crn
618 3512 660 3559 tlt.
669 3508 786 3559 Amicitiae
796 3522 859 3563 verae
867 3513 1007 3576 commode,

257 3604 313 3655 quae
321 3587 428 3637 omnium
439 3594 558 3632 consensu
573 3580 677 3628 aramma
688 3592 742 3628 esse
753 3584 889 3640 censentur,
901 3594 949 3630 uon
958 3597 1008 3645 quer

258 3663 333 3713 tinere
342 3657 374 3707 ad
383 3661 505 3718 tyrannos.
538 3654 626 3700 Parum
636 3650 707 3698 etiam
715 3648 769 3697 tidei
776 3650 830 3698 ilius
840 3649 928 3700 babere
936 3666 1008 3714 posse

256 3728 377 3794 cognatis,
387 3723 499 3789 equibus
508 3726 609 3783 tyranno
622 3731 686 3781 saepae
695 3723 819 3767 struantur
827 3719 928 3769 insidiae.
962 3725 1008 3773 ite

258 3801 373 3853 tuendum
383 3808 454 3858 porro
463 3793 510 3841 illis
527 3804 594 3850 esse,
605 3802 636 3838 ue
651 3803 692 3852 per
701 3790 768 3837 cibos
777 3792 896 3852 potusque
907 3804 1006 3841 venena.

257 3878 295 3923 tos
307 3871 369 3920 ciam
385 3865 498 3915 tollantur
509 3878 515 3911 ε
526 3866 551 3910 et
567 3863 660 3909 mutum
670 3860 755 3909 abesse
765 3862 793 3907 ut
805 3859 953 3920 tyrannicida
964 3876 1006 3924 pu-

256 3946 336 3994 niatur
346 3954 360 3989 a
369 3938 480 3995 civitate,
493 3938 520 3983 ut
530 3931 635 3996 praemiis
645 3930 726 3993 potius
735 3933 840 3979 ornetur.
851 3956 882 3964 —-
891 3934 950 3980 cnr.
963 3936 1004 3982 lv.

256 4013 295 4064 Ob
305 4024 377 4073 opes,
387 4020 447 4070 quas
456 4003 580 4067 possidere
590 4000 699 4049 rideatur
715 4002 846 4061 tyrannus,
858 4000 910 4061 ejus
926 4002 1006 4051 conm-

257 4084 347 4134 tiouem
358 4093 405 4128 non
419 4089 473 4125 esse
484 4072 605 4122 meliorem
621 4082 694 4118 :eum
708 4068 834 4117 molestius
850 4074 873 4118 et
892 4072 1006 4132 periculo

257 4154 309 4203 sius
320 4164 362 4214 per
371 4148 421 4195 rim
431 4150 456 4194 et
465 4142 574 4203 injuriam
586 4152 627 4189 eas
637 4138 760 4201 acquirere
767 4138 819 4199 cogi
829 4152 835 4185 ε
844 4142 868 4185 et
876 4140 915 4187 uix
927 4144 1006 4190 tantas

256 4236 327 4289 posse
335 4232 431 4280 eogere,
441 4216 539 4277 quantm
549 4210 580 4260 ud
588 4208 836 4259 suuntusnecessau'os
844 4210 1004 4271 requirantur.

258 4320 286 4330 -—
296 4296 354 4342 cnr.
371 4290 402 4336 V.
416 4291 436 4336 A
448 4282 505 4332 viris
518 4292 588 4345 porro
600 4280 669 4329 bouis
678 4291 734 4327 eum
745 4278 829 4327 timere
843 4292 919 4341 :quos
931 4280 951 4328 si
962 4283 1005 4330 tol·

255 4364 303 4422 int,
317 4358 363 4424 ipsi
373 4355 473 4417 relinqui
491 4350 599 4401 homines
616 4362 701 4412 pravos
717 4351 742 4397 et
755 4348 865 4397 servitos.
896 4351 1006 4414 Denique

255 4433 303 4484 etsi
320 4443 371 4481 arrae
383 4425 492 4477 utilitatis
506 4436 578 4472 causa
596 4420 697 4483 putrium
718 4432 798 4467 amare
818 4418 919 4479 debeat,
939 4422 1006 4471 eires

255 4508 335 4553 tamen
348 4496 456 4549 imbelles
465 4492 563 4555 reddere
578 4492 655 4552 iisque
665 4490 753 4539 mdites
762 4493 873 4539 externos
884 4503 1005 4541 mercena·

255 4564 570 4636 rtosqneproeserrerogt.·*
578 4561 911 4621 Cur.vt.vitamjucundam
919 4564 1003 4623 Hiero,

253 4656 328 4708 quam
344 4640 451 4703 privatus
461 4634 546 4696 egerit,
559 4636 682 4695 comparat
697 4644 753 4679 curu
769 4631 865 4680 miseria
881 4636 906 4681 et
922 4638 1002 4689 metu,

255 4718 279 4765 in
291 4729 341 4778 quo
357 4710 473 4765 versetur,
487 4708 613 4767 postquam
630 4716 727 4763 reginum
743 4700 774 4750 sit
783 4700 894 4763 adeptus.
905 4730 936 4738 —
945 4708 1003 4754 cun.

226 4810 229 4819 ι
255 4788 309 4833 Vll.
321 4785 383 4833 cum
400 4774 534 4827 simonides
546 4773 659 4831 dixisset,
674 4776 737 4819 rente
754 4771 881 4833 bonorem,
895 4772 937 4834 qui
953 4777 1003 4823 tam

255 4858 337 4917 gratus
352 4855 377 4900 et
391 4850 490 4911 optatus¹
507 4845 578 4905 uulgo
602 4842 710 4892 rideatur
734 4842 885 4901 bominibrm,
905 4846 1004 4904 tyranno

255 4923 337 4975 baberi
350 4938 356 4969 :
369 4916 474 4969 ostendit
488 4916 573 4973 lliero,
585 4925 668 4962 vertum
680 4918 704 4963 ct
714 4917 806 4974 matum
819 4912 933 4962 bonorem
946 4927 1003 4963 non·

255 4994 301 5045 uisi
316 5008 331 5041 a
349 4987 469 5041 benevolis
482 4986 576 5043 baberi,
587 4985 655 5045 cujus
673 4984 732 5033 adeo
750 4984 847 5032 oruuino
865 4984 896 5033 sit
916 4997 1004 5045 expers

256 5071 388 5127 tyrannus,
401 5058 456 5121 quia
469 5058 508 5105 tric
519 5054 654 5115 abieritis,
667 5054 743 5103 serris
753 5059 781 5103 et.
788 5055 951 5103 metuentibus
962 5068 1002 5104 ex·

256 5134 379 5197 primatus.
411 5130 473 5177 Tum
486 5123 601 5176 Simonidi
615 5124 726 5184 orirenti,
741 5137 783 5171 eur
798 5123 918 5185 tyrannis,
935 5123 956 5171 si
972 5124 1004 5172 sit

256 5204 303 5253 tale
312 5204 452 5261 tantumque
461 5197 564 5256 malum,
573 5208 619 5243 non
629 5193 770 5257 deponatur,
782 5194 910 5257 respondet
919 5194 1003 5255 Hiero,

220 5310 226 5317 .
256 5271 322 5323 istud
341 5270 431 5319 maium
448 5266 560 5331 quamvis
584 5265 744 5323 intolerabile,
770 5267 849 5313 tumen
878 5278 924 5313 uon
951 5264 1002 5313 siue

739 491 1045 556 Mauoatatttttti
1065 495 1319 560 ARGUMENTA.

1081 624 1174 685 iactura
1183 628 1269 676 satuds
1278 627 1435 691 posseabitci.
1445 657 1475 665 -
1485 635 1543 682 car.
1554 635 1621 684 viii.
1637 637 1749 688 ostendit
1757 641 1827 692 simo-

1083 693 1167 758 nides,
1184 700 1311 757 tyrannum
1329 698 1434 759 lacibus,
1450 714 1523 763 quarn
1546 704 1682 766 privatum,
1700 722 1771 770 posse
1787 713 1827 760 sini

1084 761 1185 812 aliorum
1194 767 1321 816 uenditare
1329 766 1527 818 benevolentiam.
1561 775 1622 822 Nam
1631 782 1724 828 cuncta
1728 778 1827 830 benere

1083 831 1163 882 bntiae
1173 836 1617 904 signagratioraproticisciatyranno,
1627 857 1724 906 quama
1733 850 1828 910 privato.

1085 901 1174 963 objicit
1187 905 1273 966 Hiero,
1293 905 1362 969 plura
1381 909 1475 969 negotia
1490 913 1625 963 necessario
1647 915 1758 967 obeunda
1779 933 1828 968 esse

1084 971 1197 1034 tyranno,
1211 988 1266 1037 quse
1277 976 1369 1037 pariam
1378 977 1469 1028 odium
1481 1005 1513 1015 —
1525 983 1584 1031 car.
1601 987 1644 1034 tlt.
1655 987 1792 1048 Respondet
1801 990 1827 1037 ad

1084 1039 1130 1089 boc
1141 1042 1274 1093 Simonides
1283 1045 1323 1094 isti
1332 1047 1485 1098 incommodo
1494 1050 1723 1116 itaoucurripossea
1732 1061 1829 1119 tyranno

1084 1115 1112 1160 ut
1122 1113 1216 1174 negotia
1227 1115 1372 1178 rutgogreu
1382 1117 1435 1179 ipse
1442 1119 1607 1184 administrem
1616 1125 1828 1186 quatacileotten·
1849 1118 1850 1129 ¹

1084 1179 1191 1245 dant‚ea
1202 1198 1245 1247 per
1253 1186 1313 1236 alios
1322 1189 1426 1249 gerenda
1434 1195 1511 1240 curet.
1544 1196 1624 1255 Atque
1638 1198 1745 1257 proemiis
1755 1200 1829 1247 studia

1084 1255 1110 1300 et
1119 1253 1286 1305 aemulationes
1301 1258 1392 1308 ciuium
1408 1259 1496 1310 debere
1510 1263 1626 1324 excitari,
1637 1269 1666 1314 ut
1682 1279 1722 1316 res
1741 1268 1828 1317 civiuti

1084 1323 1156 1373 utiles
1164 1324 1273 1376 alacriter
1281 1330 1306 1376 et
1314 1327 1415 1379 libenter
1427 1331 1602 1382 administrent
1614 1361 1647 1370 -
1657 1337 1717 1385 car.
1730 1341 1760 1387 x.
1771 1340 1828 1387 tnui·

1084 1390 1149 1442 diam
1155 1407 1184 1444 ex
1196 1397 1347 1448 nerreoanis
1355 1399 1473 1450 militibus
1481 1401 1632 1453 iudedmeri
1639 1405 1746 1456 ostendit
1758 1409 1828 1458 simo·

1084 1463 1167 1525 uides,
1177 1465 1324 1528 sityrannus
1339 1481 1382 1518 eos
1391 1469 1440 1518 aiat
1449 1470 1480 1520 ad
1493 1471 1617 1522 bominum
1629 1475 1788 1536 petulantium
1798 1479 1830 1526 io-

1082 1533 1157 1593 Jurias
1166 1537 1431 1599 coercendas,salutem
1443 1555 1490 1590 uon
1502 1542 1574 1591 modo
1583 1555 1665 1604 suam,
1676 1545 1828 1596 sedomniom

1084 1603 1187 1668 ddum,
1205 1606 1334 1670 urendam,
1349 1609 1466 1670 agricolas
1480 1625 1615 1675 pecoraque
1630 1620 1712 1664 centn
1730 1615 1830 1666 latrones

1084 1672 1400 1740 detendenda‚iocursioues
1406 1680 1648 1744 bostiumarcendas‚
1657 1686 1829 1748 expeditionem

1084 1743 1201 1811 adversm
1218 1747 1301 1798 lrostes
1316 1749 1509 1814 suscipiendam,
1525 1753 1658 1803 amicornm
1668 1768 1708 1804 res
1721 1757 1830 1806 tutandas

1085 1818 1110 1863 et
1120 1814 1225 1865 bostium
1235 1831 1293 1879 opes
1304 1819 1454 1881 frangendas.
1488 1824 1587 1885 Propter
1596 1824 1701 1874 tetemet
1712 1831 1763 1874 tam
1775 1827 1830 1874 mul·

1084 1884 1188 1947 tiplioem
1207 1901 1292 1949 usum,
1310 1903 1383 1952 quem
1399 1896 1516 1953 praestant
1536 1894 1664 1955 satellites,
1690 1908 1788 1946 necesse
1806 1902 1831 1944 nt

1084 1954 1272 2020 ciresstipendia
1281 1960 1375 2008 solvant
1385 1960 1594 2012 libenter-cnr.
1604 1967 1645 2013 itt.
1655 1963 1831 2014 AdditSimoni·

1084 2025 1141 2086 des,
1153 2031 1280 2089 tyrannum
1295 2029 1368 2078 etiam
1378 2029 1409 2080 de
1424 2032 1476 2080 suis
1488 2033 1561 2081 rebus
1571 2033 1659 2083 debere
1674 2034 1704 2083 ad
1722 2036 1832 2097 publicos

1085 2108 1144 2145 usus
1161 2096 1284 2158 conterre,
1299 2101 1324 2147 et
1334 2099 1432 2148 omnino
1440 2101 1499 2150 nulli
1510 2102 1544 2150 rei
1563 2115 1660 2165 parcere
1670 2109 1698 2152 ut
1706 2105 1829 2154 ciuitatem

1083 2165 1168 2216 reddat
1180 2180 1253 2228 quern
1264 2166 1437 2220 beatissimam.

1355 2325 1518 2350 ⁶⁸⁴0...—

1249 2463 1632 2543 Mamounsssln.

1362 2750 1474 2812 staua
1495 2754 1517 2811 t.

1051 2897 1133 2945 Garun
1140 2898 1159 2944 l.
1170 2896 1270 2946 crimini
1279 2896 1357 2957 primo
1365 2897 1456 2946 sommi
1463 2897 1660 2961 publioeobiecto
1670 2904 1832 2964 respondetur

1082 2965 1115 3015 ita
1126 2971 1154 3016 ut
1170 2969 1291 3016 socratem
1305 2980 1384 3030 neque
1396 2971 1566 3018 contemtorem
1584 2970 1714 3033 patriorum
1729 2973 1833 3023 deorum

1081 3040 1160 3089 neque
1175 3041 1292 3077 novorum
1309 3032 1431 3077 auctorem
1449 3030 1524 3080 luisse
1534 3030 1656 3081 doceatur.
1666 3059 1698 3067 —
1718 3036 1783 3087 cen.
1800 3039 1830 3085 lt.

1082 3098 1181 3147 crimini
1196 3098 1264 3147 alteri
1275 3100 1409 3149 occurritur
1424 3103 1450 3148 et
1460 3100 1637 3151 demonstratur
1654 3106 1780 3154 Socratem
1795 3107 1832 3166 jn·

1082 3172 1205 3217 rentutenr
1216 3173 1241 3217 et
1251 3168 1383 3231 discipulos
1396 3182 1444 3218 non
1454 3183 1523 3219 eorru
1541 3172 1597 3222 isse.
1610 3198 1642 3207 -
1653 3176 1714 3223 Gar.
1727 3177 1772 3224 nt.
1788 3180 1832 3225 lte

1082 3241 1138 3290 irinc
1154 3242 1255 3292 docetur
1266 3245 1388 3293 Socratem
1399 3248 1425 3293 et
1441 3184 1561 3295 verbiset
1573 3246 1643 3296 tectis
1661 3251 1763 3310 totaqrre
1784 3253 1834 3299 rite

1081 3313 1154 3361 talem
1165 3312 1240 3362 tuisse
1250 3318 1279 3362 ut
1295 3318 1320 3362 et
1333 3314 1386 3376 ipse
1396 3314 1496 3363 boueste
1506 3316 1600 3366 vireret
1610 3320 1635 3367 et
1646 3318 1705 3367 alios
1714 3321 1746 3369 ad
1757 3322 1830 3371 bone·

1081 3383 1151 3432 statis
1160 3383 1270 3432 studium
1278 3383 1395 3433 excitaret
1405 3398 1411 3431 ε
1421 3384 1526 3445 primum
1536 3386 1608 3447 igitur
1614 3389 1751 3450 precando,
1761 3394 1835 3440 saeri-

1081 3452 1173 3503 beando
1191 3458 1217 3502 et
1228 3453 1327 3502 deorum
1343 3455 1466 3503 voluntate
1484 3457 1628 3518 exploranda
1646 3463 1738 3507 rectura
1756 3462 1835 3510 tuisse

1081 3524 1180 3575 deorrmt
1189 3522 1318 3583 cultorem3
1330 3523 1419 3573 deiude
1430 3526 1455 3573 in
1466 3526 1532 3585 cibo,
1549 3531 1608 3589 potu
1622 3540 1756 3591 amesque
1773 3537 1835 3580 tem·

1080 3594 1194 3657 perantiae
1201 3592 1330 3641 studuisse.
1339 3619 1370 3628 -
1382 3596 1442 3642 car.
1454 3597 1496 3643 tv.
1508 3598 1572 3644 boos
1580 3608 1634 3644 esse
1645 3601 1718 3658 atque
1732 3600 1837 3649 bomini·

1080 3664 1127 3713 bus
1141 3663 1266 3713 consulere
1280 3663 1466 3712 demonstratur.
1486 3692 1517 3700 -
1528 3668 1588 3715 (tar.
1608 3669 1640 3714 V.
1663 3670 1836 3729 'reeulserantia

1080 3732 1269 3781 commendatur.
1293 3758 1325 3766 —
1349 3734 1408 3781 cnr.
1426 3735 1468 3780 vt.
1495 3733 1666 3795 Antiphontem
1695 3740 1835 3799 sophistam

1079 3803 1230 3863 objicientem
1246 3801 1292 3850 sibi
1308 3801 1399 3850 vienn
1419 3802 1577 3865 neutrumque
1596 3809 1692 3854 tenuem
1711 3812 1737 3855 et
1757 3813 1836 3870 gratis

1079 3872 1180 3922 docendi
1195 3871 1391 3921 cousuetudinem
1410 3872 1494 3921 refellit
1507 3877 1625 3924 somates.
1646 3902 1678 3911 -
1696 3880 1756 3927 cnr.
1776 3884 1834 3929 th.

1080 3941 1206 4001 Quomodo
1215 3944 1325 3991 sanates
1336 3942 1367 3990 ab
1373 3941 1486 4003 mantia
1497 3944 1610 3993 areant
1619 3945 1735 3995 homines.

1353 4073 1466 4133 LIBER
1488 4074 1526 4131 ΙΙ.

1050 4216 1132 4263 curor
1147 4216 1167 4262 1.
1181 4212 1288 4262 socratis
1302 4212 1464 4273 devoluptate
1480 4216 1506 4261 et
1524 4213 1683 4275 temperantia
1701 4226 1759 4263 cum
1779 4220 1835 4267 Art.

1080 4286 1159 4347 stippo
1181 4287 1298 4345 &renato
1318 4283 1456 4344 disputatio.
1477 4286 1587 4351 wear.
1611 4286 1641 4332 lt.
1664 4286 1838 4346 Lamproclem

1079 4354 1154 4402 tilium
1169 4354 1240 4401 matri
1254 4354 1342 4402 iratmn
1353 4352 1431 4415 placat
1447 4357 1472 4401 et
1487 4350 1583 4414 pietatis
1600 4366 1686 4402 causas
1703 4354 1787 4405 does.
1803 4386 1839 4393 -

1079 4428 1138 4474 cnr.
1153 4427 1195 4472 ΙΙΙ.
1206 4427 1300 4472 Fratres
1317 4423 1419 4471 invicem
1434 4422 1480 4471 sibi
1498 4422 1569 4471 iratos
1586 4423 1678 4484 placat,
1695 4429 1719 4473 et
1730 4439 1836 4477 couoor-

1078 4492 1143 4541 diam
1154 4490 1305 4542 commendat
1316 4494 1431 4541 Socrates.
1441 4518 1472 4527 -
1483 4494 1542 4543 (tar.
1551 4495 1594 4543 tv.
1609 4496 1643 4543 De
1653 4494 1768 4543 amicitiae
1782 4510 1837 4559 pro

1077 4563 1120 4611 tio.
1131 4588 1162 4597 -
1179 4563 1238 4610 Cae.
1252 4564 1281 4608 V.
1294 4560 1423 4621 Expiorare
1433 4574 1603 4623 aequomque,
1624 4562 1708 4623 quanti
1725 4563 1757 4611 ab
1771 4568 1836 4615 anui·

1078 4633 1114 4681 cis
1133 4630 1247 4681 readunari
1262 4628 1352 4692 possit,
1368 4635 1392 4679 et
1405 4635 1433 4680 ut
1447 4632 1526 4692 magui
1539 4632 1685 4691 estimetur,
1706 4632 1838 4686 elaborare

1077 4702 1173 4752 debere.
1197 4727 1227 4735 —
1238 4704 1297 4749 cao.
1309 4702 1350 4748 Vl.
1363 4703 1398 4748 De
1409 4700 1493 4750 amicis
1502 4715 1557 4750 uum
1569 4701 1700 4763 deligendis
1712 4707 1766 4752 tum
1777 4718 1838 4755 con-

1077 4772 1194 4823 ciliandis.
1215 4796 1244 4805 —
1257 4774 1316 4819 cue.
1330 4772 1384 4817 Vll.
1406 4771 1534 4826 Quomodo
1545 4771 1678 4821 amicorum
1699 4772 1792 4834 ineptas
1811 4785 1839 4827 et

1076 4842 1193 4904 angustiis
1204 4852 1327 4889 occurrere
1338 4837 1469 4889 debeamus
1483 4844 1508 4889 et
1516 4841 1615 4890 oonsilio
1624 4845 1649 4891 et
1658 4855 1746 4903 opera,
1758 4844 1839 4896 doce·

1078 4918 1117 4963 tur
1127 4912 1214 4962 deliine
1230 4922 1306 4973 usque
1322 4910 1352 4958 ad
1364 4909 1435 4959 inem
1447 4910 1516 4968 libri;
1528 4912 1574 4960 boc
1583 4925 1642 4961 xero
1658 4913 1736 4973 capite
1747 4927 1839 4966 exem·

1076 4984 1117 5046 pio
1127 4982 1237 5044 mlloqoii
1248 4994 1305 5029 cum
1317 4981 1454 5029 Aristarcho
1472 4982 1556 5031 babiti.
1568 5008 1600 5017 -
1618 4985 1677 5032 cnr.
1691 4986 1757 5032 t'ttt.
1785 4992 1839 5037 En.

1077 5054 1171 5102 iberum
1181 5050 1289 5101 mercede
1297 5064 1394 5112 operam
1406 5051 1524 5100 locantem
1534 5051 1564 5099 ed
1574 5053 1755 5101 conuenientius
1769 5056 1838 5105 vitae

1076 5138 1150 5186 geraus
1161 5122 1296 5184 eligendum
1308 5123 1425 5170 lmrtatur.
1438 5149 1469 5157 -
1480 5124 1538 5171 cue.
1548 5124 1589 5171 lx.
1600 5122 1746 5173 critonema
1757 5138 1838 5186 syon.

1076 5193 1172 5255 pirantis
1184 5195 1262 5238 tutum
1273 5189 1357 5239 reddit
1367 5216 1398 5225 -
1407 5194 1465 5239 car.
1486 5194 1515 5239 Χ.
1532 5192 1667 5240 Amicorum
1689 5191 1839 5252 indigentiae

1075 5260 1246 5312 occurrendum
1258 5260 1311 5309 esse
1322 5259 1444 5309 benesmiis
1452 5260 1529 5310 docet
