3725 5950
231 471 281 544 vii]

257 592 387 645 dividenda
401 593 435 643 tta
447 593 525 654 cyrus
538 590 587 654 agit
600 591 628 640 ut
643 589 699 654 equl
715 593 741 640 et
751 587 834 640 omnia
846 599 902 652 que
913 585 943 636 ad
957 598 1010 636 reru

257 670 393 730 equestrem
405 663 537 726 pertinent,
550 660 631 714 Persis
642 660 673 710 ed
688 657 863 710 instituendum
874 658 1008 722 equitatum

256 734 351 786 sedeam
360 736 459 785 -cae
467 735 509 784 Vl.
521 729 668 793 cohryasab
678 729 776 793 assyrio
784 728 1008 792 delicltadcyrum.

255 804 320 856 lledi
330 804 361 855 de
369 801 450 869 praeda
458 801 658 858 diriaareierunt.

529 975 645 1036 LIBER
663 973 700 1034 V.

139 1135 142 1140 ’
224 1142 307 1192 ctum
319 1132 867 1204 Lcyursdeproedasibltributaornatalios.
885 1130 1005 1192 Penthea,

253 1211 330 1264 torma
340 1214 365 1261 et
374 1210 463 1259 virtute
473 1208 593 1258 excellens
605 1206 700 1268 mulier,
712 1201 868 1254 custodienda
879 1199 1007 1250 committi·

252 1285 293 1331 tur
301 1285 399 1346 Araspa
410 1279 528 1344 :quicum
537 1277 654 1328 adversus
661 1279 751 1339 cyrum
760 1271 852 1336 egregie
858 1271 1007 1334 disputasset

252 1349 283 1402 de
300 1343 396 1413 amore,
416 1363 533 1412 suamque
552 1348 669 1398 aduersus
684 1345 736 1410 ejus
752 1343 874 1394 illecebras
891 1341 1007 1406 jactasset

251 1419 401 1482 firmitatem,
413 1419 444 1470 ad
455 1413 590 1470 extremum
601 1415 738 1468 vehementi
749 1414 842 1478 capitur
853 1425 935 1462 umore
945 1415 1005 1462 Pan·
1050 1415 1054 1422 '

251 1489 323 1542 theae.
355 1493 433 1553 eyrus
443 1488 474 1539 de
489 1488 553 1539 bebo
566 1486 731 1551 persequendo
742 1488 823 1538 certus
838 1484 947 1548 explorat
957 1484 1006 1533 lle·

251 1559 337 1610 dorum
354 1564 381 1612 et
395 1560 516 1612 sociorum
530 1559 693 1621 voluntatem,
709 1560 792 1607 utrum
808 1567 891 1606 meum
908 1565 1006 1604 manere

251 1629 326 1681 velint
340 1643 346 1678 :
362 1629 403 1694 qul
416 1641 500 1678 omnes
513 1627 576 1678 hand
589 1625 726 1677 dubitanter
739 1624 884 1689 respondent
897 1637 924 1675 se
934 1623 966 1674 ab
977 1635 1006 1673 eo

250 1711 299 1748 non
306 1699 624 1752 commaneremus-mn.
633 1701 665 1748 ll.
673 1701 751 1760 cyrus
758 1694 1006 1760 proficiscituradco

249 1767 334 1832 hryam
344 1783 350 1818 ε
362 1770 402 1819 hic
413 1783 439 1820 se
448 1773 473 1818 et
482 1779 527 1816 sua
536 1769 617 1816 omnia
628 1768 701 1818 tradit
710 1771 783 1830 cyro.
815 1766 924 1830 cobryas
933 1765 958 1814 iu
968 1777 1006 1814 ea·

250 1843 300 1889 stre
306 1839 423 1890 munaus
434 1843 561 1890 Pereamm
568 1851 662 1888 cunam
673 1837 813 1888 admiratur.
845 1841 924 1900 cyrus
935 1837 1004 1884 aco·

251 1909 309 1973 brya
327 1912 352 1960 et
369 1909 488 1973 llyrmniu
503 1908 678 1972 exquiritque
695 1920 758 1959 nora
775 1908 896 1959 socionrm
916 1904 1005 1955 auxilia

249 1979 593 2044 possitadsciscere;eisiria
603 1977 1005 2044 proptchabylonemdueat,uou

250 2047 1005 2114 relhgieudum‚sednuncmaxlmeillucltcrdirigendumessa

249 2119 329 2172 docet.
341 2147 373 2160 ·-
381 2124 440 2175 car.
451 2123 494 2171 lll.
506 2120 604 2185 Assyria
612 2121 691 2172 denuo
700 2119 890 2184 rastataprmdar
898 2116 1005 2166 maxima

249 2205 305 2254 pars
317 2191 430 2242 trhonitur
441 2192 554 2256 cohryae.
586 2195 664 2255 cyrus
673 2190 705 2242 ad
717 2191 863 2254 Babylonem
874 2187 968 2239 aceedit
978 2189 1005 2238 et

249 2262 375 2324 termium
386 2261 417 2312 ad
432 2275 551 2326 pugnam,
563 2261 608 2313 sed
623 2262 711 2312 trustra
726 2264 850 2325 provocat.
883 2257 1003 2318 cudatus,

249 2331 346 2393 regulus
356 2331 402 2382 suh
411 2332 563 2395 Assyriorum
570 2331 660 2382 ditione
669 2345 756 2395 agens,
767 2331 810 2381 sed
817 2329 916 2393 perrim
925 2341 940 2378 a
948 2341 1003 2391 rege

247 2405 379 2464 metretas,
388 2401 420 2452 sd
431 2405 520 2465 cyrum
530 2402 617 2452 transit
623 2407 647 2452 et
656 2400 721 2452 allud
732 2400 859 2452 castellum
868 2399 923 2450 dolo
931 2412 1004 2449 oocu-

248 2475 331 2534 petum
340 2472 362 2523 el
372 2472 452 2523 tradit.
486 2472 604 2524 cadusios
613 2476 638 2523 et
649 2477 722 2523 Sacas
731 2485 788 2522 cum
797 2475 860 2536 cyro
869 2470 1003 2532 seconjrrn·

251 2541 317 2592 xisse
339 2543 423 2608 paucis
444 2542 598 2606 significatur,
622 2543 665 2606 qul
687 2542 790 2604 majores
808 2541 905 2606 copias,
926 2544 961 2618 ut
977 2543 1003 2590 et

248 2613 375 2676 llyrcanil,
385 2613 415 2663 ud
423 2613 514 2664 beilum
525 2613 639 2664 educunt.
657 2613 762 2665 cudatus
771 2613 802 2663 ad
811 2611 899 2676 oppida
906 2624 952 2663 sua
962 2611 1002 2662 de·

247 2683 365 2734 tendenda
376 2683 541 2748 proficiscitur,
551 2690 576 2735 et
587 2689 667 2748 cyrus
679 2697 736 2734 suos
746 2684 855 2735 hortatur
866 2689 894 2734 ut
904 2683 1001 2734 eiauxi·

247 2753 306 2804 lium
317 2755 392 2805 ierant
402 2755 519 2819 docetque
530 2755 651 2820 quomodo
662 2769 747 2818 agmon
758 2755 790 2805 ad
801 2755 847 2805 lter
855 2759 1001 2804 nocturnum

247 2824 340 2876 institui
353 2826 419 2876 relit.
437 2826 531 2884 Quibus
539 2825 571 2876 de
580 2825 662 2876 musis
672 2830 751 2888 cyrus
762 2825 866 2875 militum
877 2824 951 2874 duces
959 2836 1001 2873 no·

247 2895 633 2959 minatlmappellariterpnnitur.
658 2894 1001 2958 lly'usmraetsollertlaiulti

247 2980 304 3017 nere
316 2967 427 3017 instituto
437 2965 593 3019 conficiendo.
603 2993 636 3004 —
647 2969 706 3018 car.
716 2969 759 3017 tv.
771 2965 877 3017 cadetas
886 2979 901 3016 a
909 2965 1001 3030 perfido

246 3038 386 3091 vulneratus
397 3041 507 3087 servatur
517 3051 533 3087 a
543 3041 615 3101 cyro.
648 3036 748 3088 cadusii
758 3040 847 3087 tamma
859 3048 946 3087 versus
956 3038 1000 3087 lta·

246 3106 1001 3171 bylouaexeurmntetamissoducemagnamcontrahuntrla·

246 3178 310 3227 dem.
343 3182 411 3237 Quos
422 3182 500 3243 cyrus
511 3179 647 3230 humaniter
658 3180 777 3230 monetet
789 3179 888 3230 meliora
898 3178 1006 3241 educet,¹

247 3248 368 3313 simulque
384 3263 441 3300 cum
454 3264 518 3301 noro
529 3264 612 3301 eorum
624 3250 686 3301 duce
701 3250 784 3301 hostes
793 3250 925 3301 ulciscitur.
957 3252 999 3301 Pn-

246 3324 313 3369 ctum
326 3320 473 3370 conventum
483 3320 514 3371 de
525 3320 643 3384 parcendo
653 3320 771 3383 agricolis.
803 3320 908 3371 cudatus
917 3318 1001 3370 relicto

247 3388 312 3439 domi
321 3390 613 3453 pmumommexorettu
623 3392 679 3453 cyri
688 3392 855 3455 proficiscitur.
872 3393 1000 3454 cyrnaea-

245 3460 313 3523 ponit
324 3474 368 3512 cur
378 3460 403 3509 iu
414 3460 498 3511 itinere
507 3469 555 3511 non
565 3474 639 3525 prope
650 3462 785 3523 Babylona,
798 3460 843 3512 sed
853 3460 934 3523 aliquo
945 3474 999 3526 spa·

245 3530 280 3580 tio
291 3534 398 3581 remotus
413 3532 609 3595 prosternerent.
642 3532 753 3583 castellis
766 3532 844 3583 tribus
853 3532 953 3595 potitur.
966 3557 1000 3570 ·-

246 3604 307 3651 cnr.
322 3603 353 3651 V.
368 3604 431 3652 cum
439 3601 496 3651 nori
505 3602 605 3664 milites,
616 3601 646 3653 dc
657 3603 745 3666 quibus
758 3604 857 3653 nuntius
865 3614 921 3652 mm
932 3614 998 3653 man·

244 3668 309 3721 rhus
319 3670 410 3725 misena
420 3676 484 3732 erat,
495 3686 510 3723 e
520 3672 617 3723 Perside
626 3672 657 3723 ad
667 3676 799 3735 cyaxarem
811 3672 948 3733 venissent,
959 3672 1000 3723 hic

188 3758 192 3765 ·
245 3740 999 3807 inuamcyrieolobenuuatuejusoasuaproficlscitur,qoou

244 3824 302 3862 cnm
315 3811 366 3863 suis
379 3812 522 3863 exercitibus
534 3812 660 3864 Medorum
673 3814 736 3877 agris
749 3813 865 3864 molestus
882 3826 938 3864 esso
949 3826 999 3864 non

245 3882 306 3933 ruit.
322 3886 402 3947 cyrus
412 3882 509 3934 obviam
521 3883 625 3947 cyaxari
638 3882 748 3949 procedit
758 3896 815 3934 oum
826 3883 944 3947 equitabo.
961 3883 999 3951 hl·

246 3950 344 4005 tercado
355 3954 417 4004 inter
425 3956 557 4017 cyaxarem
566 3958 592 4005 et
601 3958 701 4017 cyrum.
733 3957 855 4017 cyaxares
864 3953 999 4004 reconcilia·

245 4028 285 4073 tua
296 4022 423 4075 deducitur
431 4025 456 4075 in
468 4025 649 4075 tabernaculum
657 4029 682 4075 et
693 4024 796 4075 donatur
806 4038 821 4074 a
833 4024 891 4075 suis.
933 4027 999 4076 Dum

244 4096 366 4155 cyaxares
376 4106 432 4143 eum
444 4092 496 4143 suis
508 4097 601 4157 coenat,
614 4096 693 4157 cyrus
704 4094 730 4144 ln
740 4094 854 4145 concione
865 4093 998 4144 amicorum

244 4162 316 4213 reicrt
327 4160 430 4215 debello
438 4162 556 4215 ducendo.
745 4160 749 4169 '

507 4322 621 4384 nmen
643 4324 696 4386 vr.
802 4290 805 4295 ’

214 4482 323 4533 ctrml.
331 4482 391 4531 Ante
397 4480 700 4543 cyaxaristabemacuium
707 4481 840 4543 congregati
849 4481 997 4545 securorum
1038 4492 1121 4540 cerer
1129 4492 1150 4539 l.
1162 4488 1311 4551 chrysantus
1319 4486 1449 4537 assentitur
1461 4486 1525 4548 cyro
1538 4488 1563 4536 et
1576 4482 1706 4548 wsuadet
1716 4482 1771 4532 allis
1780 4479 1821 4529 ob

244 4554 335 4615 cyrum
344 4564 375 4601 ne
385 4551 491 4601 dimittat
498 4551 639 4601 exereitum.
671 4554 774 4613 Egresso
781 4554 831 4613 kur
840 4555 948 4616 cyaxare
955 4552 996 4603 de-

244 4622 349 4673 cernitur
364 4621 454 4671 bellum
468 4634 522 4672 esse
537 4621 740 4685 prosequendum.
773 4625 851 4685 cyrus
867 4622 953 4673 suadet
968 4628 996 4674 ut

244 4692 349 4743 rastellis
358 4692 465 4742 hostium
476 4692 602 4743 sublatisa
613 4692 665 4743 suis
676 4705 739 4743 nora
748 4696 911 4745 exstruamur.
942 4696 996 4745 Pru

245 4762 458 4814 hatuillooonaiiio
466 4762 893 4826 cyruseapitlooahibernisldonea.
925 4766 997 4829 ltqui-

244 4836 310 4883 tatus
325 4837 453 4885 Pmmrum
470 4837 570 4895 augetur
587 4836 613 4885 et
631 4833 789 4885 instituuntur
803 4847 888 4885 mrrus
906 4833 993 4885 iaicati.

244 4908 357 4967 Araspoe,
369 4905 412 4968 qui
420 4904 551 4955 Pantheum
559 4904 649 4955 violare
657 4909 757 4955 conatus
764 4910 828 4967 erat,
839 4906 940 4968 ignoscit
950 4909 995 4970 cy·

244 4988 300 5035 rus,
312 4974 463 5038 eundemque
474 4972 504 5023 ad
516 4974 599 5025 hostes
610 4974 721 5026 simulate
732 4976 788 5039 lisga
800 4974 870 5038 lubet
882 4977 993 5027 transire.

245 5042 376 5095 Abradatas
387 5044 514 5095 arcessitur
525 5045 671 5096 aPanthea:
685 5045 749 5097 idem
760 5046 815 5109 cyri
824 5058 875 5097 rem
887 5046 995 5098 curulem

244 5111 352 5175 arborei.
362 5114 472 5165 Plaustra
478 5126 534 5165 cum
541 5116 648 5166 turribus
653 5116 757 5167 edificet
763 5119 849 5181 cyma.
858 5122 954 5170 -caa
962 5121 994 5168 ll.

245 5182 359 5234 indorum
371 5184 440 5248 iegati
450 5187 577 5237 mittuntur
586 5200 601 5237 a
610 5190 672 5250 cyro
679 5187 711 5238 ad
721 5187 847 5250 Assyrium
857 5187 995 5252 speculandi

244 5266 324 5303 causa
341 5255 397 5318 cyri
405 5255 512 5307 studium
523 5256 548 5307 in
556 5256 692 5321 apparando
700 5256 764 5307 helio
772 5261 797 5307 et
805 5258 945 5309 exercendis
954 5258 995 5307 mi

732 458 823 522 cini
844 455 1074 520 nlsctttlttm
1093 453 1347 518 ARGUMENTA.

1084 582 1176 642 bdbus.
1210 581 1324 634 ludorum
1339 580 1443 632 narrabo
1453 581 1484 633 da
1498 580 1605 632 hostium
1620 579 1697 645 copiis
1711 581 1851 644 perturbat

1084 655 1172 705 milites
1186 654 1257 716 cyri,
1273 665 1377 717 quorum
1390 656 1483 702 metum
1498 652 1583 706 sedam
1596 652 1726 703 conciones
1742 652 1809 712 cyri
1824 657 1851 701 et

1082 725 1232 786 chrysante.
1239 727 1340 774 Decreta
1349 721 1501 786 expeditione
1510 722 1593 772 statim
1599 721 1752 784 suscipienda
1763 723 1851 783 cyrus

1082 791 1157 842 edicit
1173 792 1204 842 de
1220 793 1304 852 rebus,
1317 789 1407 855 quihus
1424 793 1513 856 preter
1527 803 1595 841 arma
1611 789 1732 841 exercitus
1752 790 1850 839 debeat

1082 872 1136 910 esse
1151 859 1284 910 instructus
1299 857 1331 909 ad
1347 860 1400 909 lter.
1415 885 1447 897 -·
1463 861 1523 910 cnr.
1543 861 1590 910 lli.
1608 859 1763 910 Describitur
1783 858 1848 908 ordo

1081 931 1197 993 agminis,
1210 934 1236 982 et
1247 929 1366 994 imprimis
1380 929 1543 993 plaustrorum
1559 932 1585 980 et
1599 928 1846 992 hunedimentorum.

1082 1003 1161 1063 cyrus
1170 1013 1185 1051 e
1195 1000 1389 1064 pabulatoribus,
1400 1012 1462 1064 quos
1471 998 1579 1062 intercipi
1584 997 1667 1061 iubet,
1676 997 1707 1049 de
1715 1002 1788 1049 statu
1802 998 1846 1048 ho·

1081 1071 1155 1120 scum
1164 1072 1260 1134 querit.
1278 1075 1382 1134 lraspas
1396 1069 1459 1120 redit
1469 1073 1495 1120 et
1506 1069 1605 1134 expmrit
1615 1067 1647 1120 da
1656 1068 1708 1119 acia
1717 1068 1844 1117 hostium.

1080 1142 1220 1192 termatius
1230 1140 1374 1192 describitur
1384 1139 1448 1190 acies
1462 1137 1527 1202 cyri
1537 1165 1569 1175 -
1579 1141 1637 1189 car.
1651 1141 1694 1188 lll.
1704 1139 1792 1190 armis
1807 1153 1845 1187 or·

1080 1215 1151 1262 natur
1167 1212 1304 1272 exercitus,
1320 1210 1486 1274 imprimisque
1502 1207 1636 1262 abradatas
1653 1221 1756 1258 munere
1780 1211 1844 1258 Pan·

1080 1280 1381 1345 theoe,quaealmulrirum
1390 1277 1844 1344 qrarimimisrerhisadlortitudlnem

1080 1351 1196 1402 hortatur.
1226 1355 1305 1414 cyrus
1312 1349 1388 1401 duces
1396 1353 1540 1401 convocatos
1551 1348 1631 1399 denuo
1640 1348 1672 1399 ad
1680 1361 1752 1412 spem
1765 1349 1844 1398 victo

1079 1421 1122 1472 rim
1131 1423 1229 1473 mcitat

1336 1563 1450 1624 LIBER
1471 1563 1537 1624 Vll.

1049 1731 1131 1779 canor
1141 1729 1164 1780 l.
1175 1728 1279 1780 Prandb
1290 1731 1372 1779 sumto
1382 1730 1408 1779 et
1419 1723 1494 1778 moris
1505 1726 1550 1777 rite
1562 1725 1631 1776 iactis
1642 1725 1698 1788 cyri
1709 1725 1840 1776 exercitus

1077 1798 1157 1848 omine
1168 1799 1247 1849 lausto
1258 1799 1372 1862 procedit.
1404 1802 1469 1850 curu
1480 1796 1532 1860 lam
1547 1801 1649 1860 maeque
1659 1796 1785 1846 exercitus
1801 1800 1839 1846 est

1079 1867 1257 1932 inconspectn,
1270 1869 1396 1932 obequitat
1406 1871 1484 1932 cyrus
1496 1873 1521 1920 et
1536 1880 1594 1918 suos
1605 1867 1694 1918 excitat
1707 1871 1838 1930 totamque

1078 1937 1153 2000 preli
1163 1939 1262 1989 ineundi
1278 1940 1396 1989 rationem
1412 1937 1493 1990 docet.
1524 1941 1624 1989 croesus
1637 1937 1714 1987 trihus
1735 1937 1839 1999 phalan-

1076 2007 1246 2070 grbusinradit
1254 2009 1313 2072 cyri
1319 2009 1409 2070 aciem
1419 2007 1462 2059 sed
1470 2007 1522 2069 eius
1531 2010 1661 2070 utrumque
1669 2019 1746 2056 cornu
1756 2008 1838 2069 primo

1077 2078 1168 2142 impetu
1178 2079 1281 2141 lugetur.
1313 2079 1447 2129 Abradatas
1456 2079 1539 2128 hostes
1547 2078 1663 2143 incurrit,
1672 2080 1698 2127 ei
1708 2089 1768 2125 mm
1777 2088 1837 2125 non·

1077 2149 1150 2200 nullis
1169 2163 1269 2200 suorum
1283 2148 1356 2199 cadit
1386 2149 1552 2213 AEgyptiorum
1565 2148 1651 2209 globus
1665 2160 1723 2196 cum
1740 2146 1835 2196 fortiter

1077 2219 1181 2281 resistit,
1192 2220 1279 2282 pedem
1293 2219 1399 2269 referunt
1410 2223 1500 2271 Perses.
1531 2218 1637 2282 Egyptii
1652 2217 1767 2278 tandem,
1779 2229 1836 2266 oum

1076 2288 1600 2352 atergoadortusesactcyrua,casduntur
1615 2287 1735 2350 undique,
1751 2286 1796 2336 sed
1811 2287 1835 2335 in

1076 2359 1149 2411 fidem
1157 2361 1261 2424 acceptis
1270 2359 1421 2423 assignamur
1430 2359 1509 2410 sedes
1520 2358 1585 2418 Quid
1594 2357 1621 2429 in
1631 2357 1679 2408 boe
1686 2357 1774 2420 praelio
1784 2357 1834 2418 plu·

1076 2429 1164 2481 riman
1175 2431 1289 2492 valuerit,
1300 2431 1405 2482 breviter
1412 2432 1621 2480 commemoratur.
1629 2430 1730 2477 —cae
1739 2429 1772 2476 ll.
1782 2430 1834 2476 sar·

1075 2498 1148 2549 mbos
1162 2499 1238 2563 captis
1253 2502 1333 2561 cyrus
1343 2503 1456 2551 crresuru
1469 2497 1585 2549 matodiri
1597 2495 1667 2560 lubet
1681 2499 1708 2547 ct
1722 2496 1757 2546 ob
1774 2509 1833 2558 prae⁴

1075 2569 1148 2620 dandi
1156 2568 1281 2620 libidinem
1289 2569 1390 2632 mstiqst
1398 2568 1533 2620 chaldaeos.
1564 2571 1678 2618 crmsum
1686 2567 1833 2616 arcessitum

1074 2640 1211 2690 humaniter
1220 2637 1561 2702 salum,atey·usooustltode
1569 2637 1630 2687 urhe
1638 2649 1686 2686 uon
1696 2635 1833 2698 diripienda

1074 2714 1152 2773 paret.
1172 2710 1277 2773 Exponit
1286 2713 1385 2760 croesus
1396 2707 1539 2759 dooraculis
1549 2706 1666 2771 Apollinis
1674 2705 1722 2756 sihi
1732 2706 1798 2756 datis
1808 2708 1833 2755 cl

1074 2794 1145 2832 suam
1154 2780 1451 2845 incusatimpnrdeutiam.
1483 2779 1541 2842 cyri
1553 2777 1680 2829 dementia
1691 2791 1752 2840 erga
1766 2781 1830 2827 croe·

1074 2863 1139 2902 sum.
1149 2878 1182 2888 -
1191 2855 1251 2902 car.
1261 2854 1305 2902 lii.
1317 2855 1396 2914 cyrus
1406 2849 1488 2900 audita
1499 2853 1577 2900 morte
1585 2847 1713 2899 mndata
1722 2847 1799 2896 funus
1809 2845 1831 2896 ei

1074 2918 1226 2984 aplendidum
1236 2923 1305 2985 parat
1315 2935 1322 2970 s
1332 2933 1436 2985 cumque
1448 2919 1556 2971 Penthea
1565 2931 1640 2983 prope
1652 2917 1771 2966 maritum
1784 2916 1830 2979 gla-

1074 2991 1114 3042 dio
1125 2992 1287 3055 incubuisset,
1299 2992 1396 3056 utrique
1406 2991 1581 3055 amplissimum
1595 2990 1651 3053 poni
1662 2989 1736 3051 jubet
1746 3003 1829 3039 mouu-

1073 3058 1829 3121 menum-cm.1v.cammoonuorerslaomtttueoompo

1072 3132 1233 3183 nittdusius.
1246 3132 1373 3195 Phrygiam
1382 3132 1499 3182 minorem
1507 3130 1740 3193 domatllystaspas.
1751 3132 1829 3190 cyrus

1073 3206 1220 3255 cnmcroeso
1226 3203 1326 3266 eiusque
1332 3202 1452 3257 thesauris
1458 3200 1701 3266 pmlectnasardibus
1710 3201 1829 3250 initinere

1073 3274 1220 3337 Phrygibus,
1238 3273 1436 3338 cappadocibus,
1454 3272 1623 3335 mhihusqsaa
1637 3270 1702 3321 balio
1720 3270 1828 3322 subactis

1073 3346 1133 3409 petit
1143 3344 1297 3407 Babylonem
1307 3370 1339 3381 -
1349 3347 1409 3395 cre.
1421 3346 1453 3394 v.
1464 3343 1610 3406 Babylonem
1617 3354 1708 3392 corona
1718 3342 1795 3403 cingit
1804 3344 1828 3389 et

1072 3416 1128 3482 inde
1138 3428 1166 3467 se
1174 3421 1245 3465 caute
1250 3414 1343 3478 recipit
1375 3414 1451 3473 Quasi
1459 3414 1491 3465 ad
1500 3410 1658 3464 obsidendam
1668 3411 1756 3463 urbem
1764 3413 1827 3460 losse

1072 3484 1495 3551 lataprolundaqueclrcnmducitur.
1512 3484 1575 3534 Urbs
1581 3481 1827 3546 tandem,sophrata

1071 3556 1097 3607 iu
1105 3556 1183 3607 fossas
1193 3555 1314 3618 dmirato,
1325 3556 1382 3606 rino
1392 3567 1526 3618 somnoque
1536 3553 1630 3616 sepulta
1640 3551 1744 3615 capitor.
1778 3555 1826 3601 ltea
1845 3559 1846 3584 i

1071 3630 1149 3690 eapte
1159 3626 1227 3676 urbis
1236 3625 1386 3675 ordinantur.
1422 3623 1514 3675 callida
1527 3623 1619 3677 ratium
1630 3624 1710 3685 cyma
1721 3621 1826 3671 instituit
1844 3657 1845 3690 ,

1071 3692 1774 3758 utamiciinteliigautipannxraroinccuspeotumpopnli
1787 3703 1826 3739 re·

1070 3764 1226 3825 niredebere.
1243 3759 1680 3827 munemsdomexpouuqutbmde
1690 3761 1766 3811 rebus
1775 3758 1825 3821 ipss
1843 3749 1844 3798 i

1071 3835 1151 3885 adhuc
1160 3834 1217 3898 cyri
1226 3831 1401 3885 eomnetudine
1411 3832 1459 3883 lrui
1468 3845 1516 3882 nou
1526 3830 1631 3894 pomarit
1636 3864 1645 3892 ,
1656 3842 1779 3879 summam
1790 3840 1824 3877 re·
1842 3825 1843 3904 l

1070 3918 1126 3956 rum
1134 3908 1219 3967 ocyro
1229 3907 1351 3966 murum
1361 3903 1456 3965 repetit.
1474 3901 1625 3963 chrysamn
1633 3898 1731 3949 exsistit
1739 3908 1825 3949 suasor
1841 3911 1842 3920 2

1070 3986 1154 4026 eorum
1164 3987 1219 4037 qua
1227 3977 1307 4037 cyrus
1316 3971 1565 4035 maxiurcexpetabat.
1588 3969 1703 4033 corporis
1709 3966 1824 4019 custodes

1069 4044 1136 4106 eligit
1141 4047 1220 4107 cyrus
1228 4041 1361 4093 eunuchus.
1393 4042 1513 4093 Satellitca
1521 4038 1777 4104 regissetprmsidium
1785 4049 1823 4085 ur-

1070 4113 1271 4165 bicuminstitnit
1302 4109 1823 4176 Cyrioratioadamiuoadediau'plinapro

1069 4199 1151 4237 mum
1159 4183 1334 4237 constituenda.

1321 4330 1435 4391 trucis
1454 4328 1534 4389 vtlt.

1068 4560 1213 4609 mantiam
1219 4558 1361 4621 oulmmqne
1366 4555 1437 4619 regis.
1446 4554 1821 4620 llunerapalatiuaiuatituontor

1067 4632 1167 4692 acyro.
1199 4623 1663 4689 Quibnsartihoseceoeritutstepain
1678 4620 1823 4687 reqioeatrio

1067 4703 1232 4764 compararent
1241 4698 1377 4762 optimates.
1408 4698 1443 4747 ut
1452 4696 1551 4747 eosdem
1561 4694 1593 4745 ad
1603 4694 1701 4745 virtutis
1713 4691 1820 4743 studium

1067 4770 1195 4834 excitaret,
1205 4770 1258 4835 ipae
1270 4771 1385 4821 rrrmtem
1395 4768 1470 4820 coluit
1484 4779 1590 4819 omnem·
1601 4768 1634 4816 ce
1641 4772 1819 4827 suosquecxet·

1067 4840 1119 4891 coit
1129 4840 1252 4902 versando,
1263 4852 1335 4891 snum
1346 4844 1371 4890 et
1382 4840 1514 4889 amiomom
1521 4836 1614 4888 mltum
1622 4835 1780 4895 hahitumque
1788 4826 1819 4878 ad

1067 4910 1218 4974 splendorem
1224 4910 1342 4971 instituit,
1350 4908 1514 4961 servitutlanb
1521 4902 1818 4970 ipsiuelmperloaddictos

1067 4982 1231 5033 abnrmorum
1246 4975 1817 5033 umatabomoiltbeallexerritmoneremo·

1067 5050 1112 5101 rit
1135 5050 1258 5115 Prlnulpoe
1268 5064 1300 5101 ue
1311 5049 1371 5114 quid
1381 5062 1499 5100 noxarum
1510 5059 1591 5097 rerum
1600 5045 1750 5102 molirentur,
1761 5040 1817 5119 elle

1066 5121 1101 5170 cit
1111 5112 1763 5185 amorecirlum,quemsiblooneiilnritita,utmagis
1772 5108 1816 5158 ubl

1066 5203 1139 5251 quarn
1149 5189 1248 5240 interae
1258 5193 1340 5240 assem
1350 5188 1435 5250 amici;
1446 5188 1505 5239 etid
1515 5186 1615 5250 quidem
1625 5185 1698 5235 variis
1708 5194 1769 5232 usus
1779 5191 1816 5227 ar·

1067 5259 1141 5309 tibus
1152 5284 1184 5295 -
1195 5262 1255 5313 cer.
1269 5260 1299 5308 ll.
1311 5256 1394 5308 llultia
1414 5256 1624 5321 principumeibos
1637 5254 1721 5306 meua
1733 5258 1815 5300 mm
