3725 5950
278 466 312 562 vj
857 467 1131 538 ruarmo.

279 620 477 691 sectionem
498 617 520 690 8
540 633 575 690 ct
600 617 755 716 primam
779 615 930 716 phrasin
957 615 1128 689 sectionis
1146 639 1181 711 9.
1200 616 1286 684 Post
1305 609 1469 708 ejusdem
1489 611 1618 710 capitis
1643 635 1681 680 11

279 743 298 836 s
317 740 341 812 6
360 741 465 839 ponit
483 738 610 838 capitis
633 735 712 833 135
738 764 782 837 9,
801 736 973 828 arerbis,
1001 739 1064 810 Καὶ
1086 741 1339 832 παρακελεύονται
1360 761 1369 806 z
1398 733 1556 833 denique
1581 750 1688 833 caput

283 861 324 937 15
354 878 438 962 post
469 877 577 962 caput
614 887 655 935 12
687 888 697 936 s
730 887 816 935 nam
843 875 952 960 caput
987 862 1030 947 14
1062 883 1129 958 pro
1157 857 1301 957 epilogo
1328 855 1439 929 debet
1464 855 1606 928 haberi.
1634 861 1688 928 De

277 985 552 1060 Atheniensium
571 983 769 1086 Republica
794 982 899 1056 valde
922 980 1089 1056 dolemus
1111 980 1158 1054 ad
1176 1004 1327 1054 manum
1346 978 1455 1052 nobis
1474 1004 1551 1051 non
1574 979 1690 1050 fuisse

278 1108 568 1182 dissertationem
591 1111 634 1180 G.
656 1111 695 1180 Α.
715 1107 876 1205 Sauppii.

325 1229 641 1329 Interpretationes
669 1225 788 1301 latinae
813 1252 887 1327 quo
915 1227 1038 1326 graecis
1062 1227 1138 1324 jam
1169 1225 1215 1300 ad
1243 1225 1419 1323 majorem
1434 1227 1689 1324 integritatem

278 1349 442 1425 adductis
455 1348 735 1450 responderent,
749 1349 872 1423 multis
888 1347 1009 1420 modis
1030 1351 1252 1450 corrigendae
1266 1365 1303 1425 et
1323 1349 1544 1449 refingendae
1566 1365 1689 1440 erant,

276 1474 367 1549 adeo
389 1491 430 1548 ut
450 1476 510 1548 vix
532 1500 606 1548 una
624 1473 777 1546 alterave
799 1474 985 1546 minorum
1004 1474 1210 1548 sectionum
1233 1475 1313 1549 sine
1333 1476 1535 1548 mutatione
1555 1474 1690 1548 disces·

278 1599 386 1671 serit:
403 1597 643 1671 nihilominus
661 1602 739 1700 ipsa
754 1600 870 1673 oratio
885 1613 919 1672 et
934 1599 1099 1672 vertendi
1121 1596 1254 1681 modus
1276 1598 1501 1697 singularum
1522 1613 1690 1672 auctores

277 1725 482 1801 etiamnum¹
502 1722 637 1823 prodit.
666 1727 764 1812 Quas
795 1723 1074 1800 Hutchinsonus
1099 1726 1269 1800 condidit
1296 1725 1539 1826 Cyropoedioe,
1582 1727 1691 1796 Ana·

278 1844 406 1916 baseos
423 1859 459 1916 et
480 1842 663 1940 Agesilai,
681 1843 727 1918 ad
748 1843 902 1917 verbum
923 1871 1028 1944 paene
1050 1873 1226 1950 expressae
1244 1865 1343 1942 sunt,
1361 1849 1426 1924 sed
1444 1848 1568 1949 paullo
1586 1847 1695 1921 artifi-

277 1969 410 2040 ciosius
437 1967 592 2066 scriptae,
617 1982 653 2040 et
680 1969 899 2066 operosioris
928 1969 1113 2069 elegantia
1140 1998 1251 2072 quam
1278 1997 1391 2072 graeca
1418 1970 1693 2072 Xenophontis.

277 2091 440 2164 Liberius
462 2091 569 2164 vertit
589 2091 843 2182 Leonclavius,
862 2095 1015 2192 propius
1030 2094 1078 2169 ad
1090 2095 1329 2196 archetypum
1342 2121 1451 2170 suum
1464 2119 1693 2184 accessurus,

278 2215 348 2287 nisi
369 2215 459 2287 Livii
481 2215 636 2288 imitatio
656 2239 742 2289 eum
761 2216 871 2288 nimis
893 2241 986 2316 saepe
1007 2218 1048 2290 in
1067 2218 1205 2293 alienas
1221 2218 1400 2318 loquendi
1421 2219 1556 2293 formas
1582 2216 1695 2291 abdu-

278 2353 384 2410 ceret.
399 2340 480 2425 Qua
499 2363 584 2411 cum
602 2338 785 2430 libertate,
809 2364 890 2438 quae
914 2341 1178 2416 sententiarum
1199 2341 1368 2415 redderet
1390 2366 1593 2431 summam,
1617 2366 1696 2412 mo·

278 2461 368 2533 dum
383 2476 538 2535 mutaret
551 2477 587 2536 et
601 2460 770 2535 ordinem
789 2465 1082 2556 enuntiatorum,
1096 2489 1174 2538 non
1195 2464 1396 2539 diffitemur
1410 2465 1519 2538 nobis
1534 2463 1693 2537 multum

277 2585 388 2662 fuisse
407 2583 634 2658 luctandum.
654 2585 948 2658 Memorabilium
969 2588 1044 2660 sive
1062 2589 1186 2688 potius
1207 2589 1565 2663 Commentariorum
1585 2587 1697 2660 inter·

279 2733 361 2806 pres
375 2708 509 2806 Anglus
523 2706 695 2782 Edwards
709 2723 784 2780 tam
806 2723 929 2808 aperta
941 2708 1096 2783 levitatis
1114 2711 1266 2809 vestigia
1276 2708 1457 2800 ostendit,
1479 2723 1521 2782 ut
1544 2707 1695 2783 tandem

280 2833 472 2931 poeniteret
486 2857 554 2904 nos
565 2832 679 2931 ipsius
689 2832 940 2932 potissimum,
952 2849 1080 2933 utpote
1098 2834 1403 2926 recentissimam,
1418 2830 1695 2905 translationem

280 2955 326 3029 ad
340 2953 592 3053 refingendum
606 2954 766 3053 elegisse.
781 2957 951 3057 Denique
962 2957 1004 3029 in
1018 2958 1162 3058 scriptis
1176 2957 1223 3031 de
1241 2983 1280 3029 re
1297 2961 1453 3055 equestri
1471 2968 1509 3028 et
1524 2957 1697 3027 venatica

281 3084 312 3155 si
330 3097 454 3155 nostra
472 3084 720 3183 interpretatio
739 3083 941 3183 plurimum
955 3084 1079 3158 differt
1097 3109 1118 3156 a
1136 3082 1339 3173 veteribus,
1358 3078 1460 3153 haud
1480 3078 1604 3177 paullo
1625 3103 1698 3151 me·

280 3206 350 3279 lius
377 3204 599 3305 procedens,
627 3206 704 3304 ejus
733 3208 787 3280 rei
812 3208 928 3306 gratia
952 3205 1125 3280 habenda
1146 3220 1202 3279 est
1229 3205 1392 3304 primum
1413 3201 1605 3291 Gouriero,
1633 3202 1698 3299 qui

280 3328 469 3427 Equestria
487 3328 743 3429 Xenophontis
765 3328 1066 3403 excellentissime
1088 3343 1125 3402 et
1137 3325 1365 3418 emendavit,
1385 3339 1422 3398 et
1431 3323 1543 3420 sertit
1555 3322 1697 3421 gallice,

282 3470 319 3527 et
343 3452 552 3553 explicavit3
572 3454 844 3551 successorique
864 3452 944 3550 ejus
961 3453 1000 3524 in
1022 3452 1233 3541 Germania,
1252 3447 1437 3521 Friderico
1454 3445 1585 3519 Jacobs
1604 3443 1698 3535 filio,

282 3578 346 3676 qui
366 3602 502 3677 paucos
520 3576 618 3649 illius
639 3601 778 3651 errores
794 3576 968 3667 correxit,
989 3574 1146 3674 plurima
1160 3572 1333 3672 explicuit
1346 3569 1454 3642 latius
1467 3584 1506 3642 et
1524 3582 1696 3668 apparatu

283 3727 326 3774 ex
339 3701 500 3801 antiquis
517 3699 756 3799 scriptoribus
771 3698 924 3773 collecto
944 3699 1119 3797 ampliore
1125 3724 1136 3789 ;
1155 3694 1289 3770 deinde
1302 3700 1340 3766 T.
1360 3696 1419 3767 W.
1437 3693 1592 3782 Lenzio,
1608 3695 1699 3763 Ger·

283 3850 392 3899 mano
410 3840 447 3899 et
459 3824 546 3924 ipsi,
565 3825 629 3924 qui
649 3824 852 3897 venationis
866 3822 1108 3923 peritissimus
1129 3820 1244 3895 multa
1258 3819 1297 3891 in
1312 3816 1537 3916 cynegeticis
1555 3814 1696 3912 primus

283 3964 379 4023 recte
396 3948 585 4021 intellexit.

330 4070 472 4143 lndices
501 4068 696 4143 nominum
719 4085 756 4142 et
787 4093 910 4143 rerum
935 4068 1138 4169 plenissimi
1165 4065 1347 4141 debentur
1367 4060 1483 4137 doctae
1504 4062 1698 4162 diligentiae

284 4192 471 4281 Schottlii,
488 4192 577 4266 olim
590 4192 804 4291 professoris
819 4193 857 4266 in
879 4192 1018 4294 aliquot
1035 4193 1214 4267 borussici
1234 4191 1339 4291 regni
1355 4189 1573 4289 gymnasiis,
1592 4190 1697 4286 cujus

285 4318 416 4416 scripta
430 4317 624 4389 maximam
636 4330 777 4415 partem
787 4316 961 4390 historica
970 4319 1166 4393 Germania
1176 4316 1357 4419 probavit.
1371 4315 1539 4389 Historia
1546 4318 1697 4404 Graecae,

285 4454 611 4539 rerumgestarum
632 4440 874 4539 utplurimum
896 4441 1108 4515 brevissime
1136 4440 1379 4515 iudicatarum
1409 4440 1486 4513 nm
1512 4439 1698 4537 ingentem

286 4562 578 4661 complectentis,
604 4564 715 4637 index
737 4564 846 4663 plane
874 4589 992 4639 novus
1016 4580 1128 4639 estet
1154 4591 1198 4639 ex
1223 4580 1279 4640 ter
1302 4565 1456 4665 repetita
1476 4562 1589 4659 hujus
1612 4562 1698 4634 libri

252 4736 256 4739 -
286 4686 441 4762 lectione
462 4702 712 4779 constructus3
733 4688 953 4789 reliquarum
973 4689 1215 4788 scriptionum
1241 4686 1383 4761 indices
1399 4687 1476 4783 jam
1498 4672 1590 4758 editi
1611 4708 1697 4757 cum

286 4810 490 4884 accessione
514 4837 591 4886 non
620 4812 974 4912 exigua.prodeunt;
1000 4812 1260 4911 addunturque
1284 4825 1496 4911 argumenta
1516 4808 1695 4906 capitum,

286 4932 421 5033 quibus
435 4936 544 5011 series
557 4960 680 5009 rerum
689 4951 921 5011 tractatarum
936 4937 1073 5013 utiliter
1083 4937 1131 5011 ab
1147 4936 1351 5010 editoribus
1369 4936 1439 5007 luit
1452 4932 1647 5006 delineata.

776 5252 1209 5290 ψ
