<?xml version="1.0" encoding="UTF-8"?>
<!DOCTYPE html PUBLIC "-//W3C//DTD XHTML 1.0 Transitional//EN"
    "http://www.w3.org/TR/xhtml1/DTD/xhtml1-transitional.dtd">
<html xmlns="http://www.w3.org/1999/xhtml" xml:lang="en" lang="en">
 <head>
  <title>
</title>
<meta http-equiv="Content-Type" content="text/html;charset=utf-8" />
  <meta name='ocr-system' content='tesseract 3.04.00' />
  <meta name='ocr-capabilities' content='ocr_page ocr_carea ocr_par ocr_line ocrx_word'/>
</head>
<body>
  <div class='ocr_page' id='page_1' title='image "./xenophontisscri00dbgoog/xenophontisscri00dbgoog_0017.png"; bbox 0 0 3725 5950; ppageno 0'>
   <div class='ocr_carea' id='block_1_1' title="bbox 525 495 1661 591">
    <p class='ocr_par' dir='ltr' id='par_1_1' title="bbox 525 495 1661 591">
     <span class='ocr_line' id='line_1_1' title="bbox 525 495 1661 591; baseline 0.011 -13"><span class='ocrx_word' id='word_1_1' title='bbox 525 495 623 580; x_wconf 77' lang='lat' dir='ltr'><strong>&#39;crau</strong></span> <span class='ocrx_word' id='word_1_2' title='bbox 644 501 912 584; x_wconf 84' lang='lat' dir='ltr'><strong>axrnnnrours</strong></span> <span class='ocrx_word' id='word_1_3' title='bbox 933 527 1185 588; x_wconf 79' lang='lat' dir='ltr'><strong>insuasum.</strong></span> <span class='ocrx_word' id='word_1_4' title='bbox 1632 537 1661 591; x_wconf 80' lang='lat' dir='ltr'><strong>n</strong></span> 
     </span>
    </p>
   </div>
   <div class='ocr_carea' id='block_1_2' title="bbox 4 642 837 709">
    <p class='ocr_par' dir='ltr' id='par_1_2' title="bbox 4 642 837 709">
     <span class='ocr_line' id='line_1_2' title="bbox 4 642 837 709; baseline 0.019 -22"><span class='ocrx_word' id='word_1_5' title='bbox 4 647 7 672; x_wconf 73' lang='lat'>¹</span> <span class='ocrx_word' id='word_1_6' title='bbox 82 642 202 702; x_wconf 84' lang='lat' dir='ltr'><strong>mittebat,</strong></span> <span class='ocrx_word' id='word_1_7' title='bbox 217 643 275 694; x_wconf 88' lang='lat' dir='ltr'><strong>aliis</strong></span> <span class='ocrx_word' id='word_1_8' title='bbox 283 657 326 694; x_wconf 90' lang='lat' dir='ltr'><strong>eos</strong></span> <span class='ocrx_word' id='word_1_9' title='bbox 337 645 441 694; x_wconf 82' lang='lat' dir='ltr'><strong>ornabat</strong></span> <span class='ocrx_word' id='word_1_10' title='bbox 454 646 539 709; x_wconf 71' lang='lat' dir='ltr'><strong>donn,</strong></span> <span class='ocrx_word' id='word_1_11' title='bbox 549 650 647 701; x_wconf 90' lang='lat' dir='ltr'><strong>omnino</strong></span> <span class='ocrx_word' id='word_1_12' title='bbox 659 665 685 702; x_wconf 88' lang='lat' dir='ltr'><strong>se</strong></span> <span class='ocrx_word' id='word_1_13' title='bbox 694 652 837 702; x_wconf 89' lang='lat' dir='ltr'><strong>benevolum</strong></span> 
     </span>
    </p>
   </div>
   <div class='ocr_carea' id='block_1_3' title="bbox 81 712 839 853">
    <p class='ocr_par' dir='ltr' id='par_1_3' title="bbox 81 712 839 853">
     <span class='ocr_line' id='line_1_3' title="bbox 82 712 838 780; baseline 0.017 -20"><span class='ocrx_word' id='word_1_14' title='bbox 82 717 104 760; x_wconf 85' lang='lat' dir='ltr'><strong>et</strong></span> <span class='ocrx_word' id='word_1_15' title='bbox 116 712 239 762; x_wconf 80' lang='lat' dir='ltr'><strong>liberalem</strong></span> <span class='ocrx_word' id='word_1_16' title='bbox 252 715 370 764; x_wconf 85' lang='lat' dir='ltr'><strong>adversus</strong></span> <span class='ocrx_word' id='word_1_17' title='bbox 382 729 425 765; x_wconf 85' lang='lat' dir='ltr'><strong>eos</strong></span> <span class='ocrx_word' id='word_1_18' title='bbox 437 717 558 780; x_wconf 82' lang='lat' dir='ltr'><strong>praebebat</strong></span> <span class='ocrx_word' id='word_1_19' title='bbox 568 734 574 766; x_wconf 91' lang='lat'>:</span> <span class='ocrx_word' id='word_1_20' title='bbox 584 722 656 770; x_wconf 88' lang='lat' dir='ltr'><strong>etiam</strong></span> <span class='ocrx_word' id='word_1_21' title='bbox 668 723 774 772; x_wconf 87' lang='lat' dir='ltr'><strong>medicos</strong></span> <span class='ocrx_word' id='word_1_22' title='bbox 784 737 838 772; x_wconf 84' lang='lat' dir='ltr'><strong>con·</strong></span> 
     </span>
     <span class='ocr_line' id='line_1_4' title="bbox 81 782 839 853; baseline 0.017 -24"><span class='ocrx_word' id='word_1_23' title='bbox 81 782 209 842; x_wconf 84' lang='lat' dir='ltr'><strong>stitnebat,</strong></span> <span class='ocrx_word' id='word_1_24' title='bbox 220 785 264 846; x_wconf 91' lang='lat' dir='ltr'><strong>qui</strong></span> <span class='ocrx_word' id='word_1_25' title='bbox 275 790 420 846; x_wconf 74' lang='lat' dir='ltr'><strong>egrotantes</strong></span> <span class='ocrx_word' id='word_1_26' title='bbox 431 794 549 838; x_wconf 83' lang='lat' dir='ltr'><strong>curarent.</strong></span> <span class='ocrx_word' id='word_1_27' title='bbox 583 790 674 840; x_wconf 87' lang='lat' dir='ltr'><strong>Eodem</strong></span> <span class='ocrx_word' id='word_1_28' title='bbox 686 793 799 853; x_wconf 83' lang='lat' dir='ltr'><strong>consilio,</strong></span> <span class='ocrx_word' id='word_1_29' title='bbox 812 797 839 842; x_wconf 94' lang='lat' dir='ltr'><strong>ut</strong></span> 
     </span>
    </p>
   </div>
   <div class='ocr_carea' id='block_1_4' title="bbox 4 853 838 921">
    <p class='ocr_par' dir='ltr' id='par_1_4' title="bbox 4 853 838 921">
     <span class='ocr_line' id='line_1_5' title="bbox 4 853 838 921; baseline 0.016 -22"><span class='ocrx_word' id='word_1_30' title='bbox 4 897 5 900; x_wconf 76' lang='grc'>,</span> <span class='ocrx_word' id='word_1_31' title='bbox 81 853 170 914; x_wconf 89' lang='lat' dir='ltr'><strong>aliquid</strong></span> <span class='ocrx_word' id='word_1_32' title='bbox 186 853 349 905; x_wconf 76' lang='lat' dir='ltr'>dissensionis</span> <span class='ocrx_word' id='word_1_33' title='bbox 365 857 428 906; x_wconf 90' lang='lat' dir='ltr'><strong>inter</strong></span> <span class='ocrx_word' id='word_1_34' title='bbox 440 871 483 907; x_wconf 88' lang='lat' dir='ltr'><strong>eos</strong></span> <span class='ocrx_word' id='word_1_35' title='bbox 500 859 611 921; x_wconf 75' lang='lat' dir='ltr'><strong>aleretur,</strong></span> <span class='ocrx_word' id='word_1_36' title='bbox 628 863 758 912; x_wconf 88' lang='lat' dir='ltr'><strong>certamina</strong></span> <span class='ocrx_word' id='word_1_37' title='bbox 773 863 838 912; x_wconf 90' lang='lat' dir='ltr'><strong>insti·</strong></span> 
     </span>
    </p>
   </div>
   <div class='ocr_carea' id='block_1_5' title="bbox 80 925 838 1136">
    <p class='ocr_par' dir='ltr' id='par_1_5' title="bbox 80 925 838 1136">
     <span class='ocr_line' id='line_1_6' title="bbox 81 925 838 996; baseline 0.016 -26"><span class='ocrx_word' id='word_1_38' title='bbox 81 925 132 971; x_wconf 86' lang='lat' dir='ltr'><strong>tait</strong></span> <span class='ocrx_word' id='word_1_39' title='bbox 143 951 173 958; x_wconf 91' lang='lat'><strong>-</strong></span> <span class='ocrx_word' id='word_1_40' title='bbox 183 929 248 975; x_wconf 81' lang='lat' dir='ltr'><strong>Cae.</strong></span> <span class='ocrx_word' id='word_1_41' title='bbox 261 929 307 975; x_wconf 89' lang='lat' dir='ltr'><strong>lll.</strong></span> <span class='ocrx_word' id='word_1_42' title='bbox 318 930 410 990; x_wconf 86' lang='lat' dir='ltr'><strong>Pompa</strong></span> <span class='ocrx_word' id='word_1_43' title='bbox 416 929 474 990; x_wconf 86' lang='lat' dir='ltr'><strong>cyri</strong></span> <span class='ocrx_word' id='word_1_44' title='bbox 484 930 589 992; x_wconf 89' lang='lat' dir='ltr'><strong>primum</strong></span> <span class='ocrx_word' id='word_1_45' title='bbox 600 945 614 982; x_wconf 90' lang='lat' dir='ltr'><strong>e</strong></span> <span class='ocrx_word' id='word_1_46' title='bbox 626 932 690 993; x_wconf 88' lang='lat' dir='ltr'><strong>regia</strong></span> <span class='ocrx_word' id='word_1_47' title='bbox 699 933 838 996; x_wconf 89' lang='lat' dir='ltr'><strong>prodeuntis</strong></span> 
     </span>
     <span class='ocr_line' id='line_1_7' title="bbox 80 994 837 1066; baseline 0.012 -24"><span class='ocrx_word' id='word_1_48' title='bbox 80 994 108 1042; x_wconf 89' lang='lat' dir='ltr'><strong>ad</strong></span> <span class='ocrx_word' id='word_1_49' title='bbox 120 995 172 1043; x_wconf 84' lang='lat' dir='ltr'><strong>lora</strong></span> <span class='ocrx_word' id='word_1_50' title='bbox 185 1010 266 1045; x_wconf 73' lang='lat' dir='ltr'><strong>saera.</strong></span> <span class='ocrx_word' id='word_1_51' title='bbox 302 999 381 1046; x_wconf 87' lang='lat' dir='ltr'><strong>Sacris</strong></span> <span class='ocrx_word' id='word_1_52' title='bbox 394 1000 496 1060; x_wconf 73' lang='lat' dir='ltr'><strong>peractis</strong></span> <span class='ocrx_word' id='word_1_53' title='bbox 508 1001 627 1052; x_wconf 90' lang='lat' dir='ltr'><strong>habentur</strong></span> <span class='ocrx_word' id='word_1_54' title='bbox 643 1003 693 1052; x_wconf 93' lang='lat' dir='ltr'><strong>ludi</strong></span> <span class='ocrx_word' id='word_1_55' title='bbox 705 1009 837 1066; x_wconf 82' lang='lat' dir='ltr'><strong>equestres.</strong></span> 
     </span>
     <span class='ocr_line' id='line_1_8' title="bbox 82 1067 837 1136; baseline 0.012 -22"><span class='ocrx_word' id='word_1_56' title='bbox 82 1067 211 1116; x_wconf 83' lang='lat' dir='ltr'><strong>Pheraulas</strong></span> <span class='ocrx_word' id='word_1_57' title='bbox 222 1081 282 1116; x_wconf 86' lang='lat' dir='ltr'><strong>eum</strong></span> <span class='ocrx_word' id='word_1_58' title='bbox 294 1069 391 1117; x_wconf 88' lang='lat' dir='ltr'><strong>bourine</strong></span> <span class='ocrx_word' id='word_1_59' title='bbox 404 1069 497 1130; x_wconf 89' lang='lat' dir='ltr'><strong>plebeio</strong></span> <span class='ocrx_word' id='word_1_60' title='bbox 509 1073 598 1121; x_wconf 88' lang='lat' dir='ltr'><strong>esacls</strong></span> <span class='ocrx_word' id='word_1_61' title='bbox 609 1073 753 1136; x_wconf 83' lang='lat' dir='ltr'><strong>colloquitur</strong></span> <span class='ocrx_word' id='word_1_62' title='bbox 764 1074 794 1123; x_wconf 90' lang='lat' dir='ltr'><strong>de</strong></span> <span class='ocrx_word' id='word_1_63' title='bbox 803 1074 837 1122; x_wconf 93' lang='lat' dir='ltr'><strong>di·</strong></span> 
     </span>
    </p>
   </div>
   <div class='ocr_carea' id='block_1_6' title="bbox 4 1139 838 1207">
    <p class='ocr_par' dir='ltr' id='par_1_6' title="bbox 4 1139 838 1207">
     <span class='ocr_line' id='line_1_9' title="bbox 4 1139 838 1207; baseline 0.007 -19"><span class='ocrx_word' id='word_1_64' title='bbox 4 1183 5 1188; x_wconf 75' lang='grc'>,</span> <span class='ocrx_word' id='word_1_65' title='bbox 80 1139 192 1186; x_wconf 80' lang='lat' dir='ltr'><strong>vitiarmn</strong></span> <span class='ocrx_word' id='word_1_66' title='bbox 204 1139 300 1202; x_wconf 84' lang='lat' dir='ltr'><strong>pretio,</strong></span> <span class='ocrx_word' id='word_1_67' title='bbox 310 1139 379 1202; x_wconf 88' lang='lat' dir='ltr'><strong>eique</strong></span> <span class='ocrx_word' id='word_1_68' title='bbox 389 1141 469 1188; x_wconf 91' lang='lat' dir='ltr'><strong>omnia</strong></span> <span class='ocrx_word' id='word_1_69' title='bbox 480 1142 540 1191; x_wconf 84' lang='lat' dir='ltr'><strong>bona</strong></span> <span class='ocrx_word' id='word_1_70' title='bbox 551 1156 595 1192; x_wconf 90' lang='lat' dir='ltr'><strong>sua</strong></span> <span class='ocrx_word' id='word_1_71' title='bbox 605 1144 678 1193; x_wconf 90' lang='lat' dir='ltr'><strong>donat</strong></span> <span class='ocrx_word' id='word_1_72' title='bbox 690 1145 737 1205; x_wconf 89' lang='lat' dir='ltr'><strong>ita,</strong></span> <span class='ocrx_word' id='word_1_73' title='bbox 750 1146 838 1207; x_wconf 84' lang='lat' dir='ltr'><strong>etipse</strong></span> 
     </span>
    </p>
   </div>
   <div class='ocr_carea' id='block_1_7' title="bbox 80 1208 837 1277">
    <p class='ocr_par' dir='ltr' id='par_1_7' title="bbox 80 1208 837 1277">
     <span class='ocr_line' id='line_1_10' title="bbox 80 1208 837 1277; baseline 0.013 -22"><span class='ocrx_word' id='word_1_74' title='bbox 80 1208 109 1256; x_wconf 84' lang='lat' dir='ltr'><strong>ab</strong></span> <span class='ocrx_word' id='word_1_75' title='bbox 117 1223 146 1256; x_wconf 90' lang='lat' dir='ltr'><strong>eo</strong></span> <span class='ocrx_word' id='word_1_76' title='bbox 154 1213 281 1270; x_wconf 87' lang='lat' dir='ltr'><strong>qunnhrnr</strong></span> <span class='ocrx_word' id='word_1_77' title='bbox 292 1211 352 1258; x_wconf 87' lang='lat' dir='ltr'><strong>satis</strong></span> <span class='ocrx_word' id='word_1_78' title='bbox 364 1211 396 1259; x_wconf 89' lang='lat' dir='ltr'><strong>sit</strong></span> <span class='ocrx_word' id='word_1_79' title='bbox 405 1211 435 1258; x_wconf 89' lang='lat' dir='ltr'><strong>ad</strong></span> <span class='ocrx_word' id='word_1_80' title='bbox 449 1212 539 1260; x_wconf 86' lang='lat' dir='ltr'><strong>victum</strong></span> <span class='ocrx_word' id='word_1_81' title='bbox 547 1218 572 1262; x_wconf 94' lang='lat' dir='ltr'><strong>et</strong></span> <span class='ocrx_word' id='word_1_82' title='bbox 582 1214 674 1263; x_wconf 80' lang='lat' dir='ltr'><strong>mutum</strong></span> <span class='ocrx_word' id='word_1_83' title='bbox 686 1216 793 1277; x_wconf 83' lang='lat' dir='ltr'><strong>accipiat.</strong></span> <span class='ocrx_word' id='word_1_84' title='bbox 806 1243 837 1250; x_wconf 97' lang='lat'><em>-</em></span> 
     </span>
    </p>
   </div>
   <div class='ocr_carea' id='block_1_8' title="bbox 4 1281 837 1347">
    <p class='ocr_par' dir='ltr' id='par_1_8' title="bbox 4 1281 837 1347">
     <span class='ocr_line' id='line_1_11' title="bbox 4 1281 837 1347; baseline 0.01 -20"><span class='ocrx_word' id='word_1_85' title='bbox 4 1313 5 1318; x_wconf 20' lang='grc' dir='ltr'>η</span> <span class='ocrx_word' id='word_1_86' title='bbox 80 1283 136 1328; x_wconf 80' lang='lat' dir='ltr'><strong>Car.</strong></span> <span class='ocrx_word' id='word_1_87' title='bbox 147 1283 191 1328; x_wconf 81' lang='lat' dir='ltr'><strong>lv.</strong></span> <span class='ocrx_word' id='word_1_88' title='bbox 201 1281 665 1346; x_wconf 77' lang='lat' dir='ltr'><strong>Arnieosereipitoonviviocyrus,ubi</strong></span> <span class='ocrx_word' id='word_1_89' title='bbox 673 1287 721 1347; x_wconf 78' lang='lat' dir='ltr'><strong>ioci</strong></span> <span class='ocrx_word' id='word_1_90' title='bbox 729 1287 837 1335; x_wconf 88' lang='lat' dir='ltr'><strong>liberales</strong></span> 
     </span>
    </p>
   </div>
   <div class='ocr_carea' id='block_1_9' title="bbox 4 1350 837 2878">
    <p class='ocr_par' dir='ltr' id='par_1_9' title="bbox 4 1350 837 2878">
     <span class='ocr_line' id='line_1_12' title="bbox 79 1350 837 1418; baseline 0.008 -20"><span class='ocrx_word' id='word_1_91' title='bbox 79 1363 125 1398; x_wconf 79' lang='lat' dir='ltr'><strong>nm</strong></span> <span class='ocrx_word' id='word_1_92' title='bbox 140 1350 324 1400; x_wconf 82' lang='lat' dir='ltr'><strong>desiderantur.</strong></span> <span class='ocrx_word' id='word_1_93' title='bbox 357 1353 452 1414; x_wconf 83' lang='lat' dir='ltr'><strong>Nuptiis</strong></span> <span class='ocrx_word' id='word_1_94' title='bbox 465 1355 591 1417; x_wconf 84' lang='lat' dir='ltr'><strong>Hystaspae</strong></span> <span class='ocrx_word' id='word_1_95' title='bbox 604 1369 660 1404; x_wconf 91' lang='lat' dir='ltr'><strong>cum</strong></span> <span class='ocrx_word' id='word_1_96' title='bbox 675 1357 778 1418; x_wconf 81' lang='lat' dir='ltr'><strong>Gobryre</strong></span> <span class='ocrx_word' id='word_1_97' title='bbox 790 1356 837 1406; x_wconf 87' lang='lat' dir='ltr'><strong>iilia</strong></span> 
     </span>
     <span class='ocr_line' id='line_1_13' title="bbox 79 1421 837 1477; baseline 0.012 -9"><span class='ocrx_word' id='word_1_98' title='bbox 79 1421 210 1470; x_wconf 79' lang='lat' dir='ltr'><strong>conciliatis</strong></span> <span class='ocrx_word' id='word_1_99' title='bbox 222 1425 318 1470; x_wconf 86' lang='lat' dir='ltr'><strong>ceteros</strong></span> <span class='ocrx_word' id='word_1_100' title='bbox 326 1422 441 1471; x_wconf 77' lang='lat' dir='ltr'><strong>servires</strong></span> <span class='ocrx_word' id='word_1_101' title='bbox 450 1436 505 1472; x_wconf 90' lang='lat' dir='ltr'><strong>cum</strong></span> <span class='ocrx_word' id='word_1_102' title='bbox 517 1426 656 1475; x_wconf 91' lang='lat' dir='ltr'><strong>muneribus</strong></span> <span class='ocrx_word' id='word_1_103' title='bbox 668 1426 774 1475; x_wconf 89' lang='lat' dir='ltr'><strong>dimittit.</strong></span> <span class='ocrx_word' id='word_1_104' title='bbox 799 1431 837 1477; x_wconf 82' lang='lat' dir='ltr'><strong>Se</strong></span> 
     </span>
     <span class='ocr_line' id='line_1_14' title="bbox 79 1491 836 1558; baseline 0.012 -20"><span class='ocrx_word' id='word_1_105' title='bbox 79 1493 126 1540; x_wconf 87' lang='lat' dir='ltr'><strong>rios</strong></span> <span class='ocrx_word' id='word_1_106' title='bbox 135 1491 228 1554; x_wconf 84' lang='lat' dir='ltr'><strong>partim</strong></span> <span class='ocrx_word' id='word_1_107' title='bbox 241 1492 342 1541; x_wconf 85' lang='lat' dir='ltr'><strong>domurn</strong></span> <span class='ocrx_word' id='word_1_108' title='bbox 354 1491 452 1542; x_wconf 86' lang='lat' dir='ltr'><strong>dimittit</strong></span> <span class='ocrx_word' id='word_1_109' title='bbox 463 1493 550 1555; x_wconf 82' lang='lat' dir='ltr'><strong>partim</strong></span> <span class='ocrx_word' id='word_1_110' title='bbox 562 1493 644 1545; x_wconf 82' lang='lat' dir='ltr'><strong>smum</strong></span> <span class='ocrx_word' id='word_1_111' title='bbox 656 1497 776 1558; x_wconf 82' lang='lat' dir='ltr'><strong>Babylone</strong></span> <span class='ocrx_word' id='word_1_112' title='bbox 788 1511 836 1546; x_wconf 82' lang='lat' dir='ltr'><strong>nra·</strong></span> 
     </span>
     <span class='ocr_line' id='line_1_15' title="bbox 79 1563 836 1628; baseline 0.009 -17"><span class='ocrx_word' id='word_1_113' title='bbox 79 1576 132 1612; x_wconf 80' lang='lat' dir='ltr'><strong>nere</strong></span> <span class='ocrx_word' id='word_1_114' title='bbox 143 1563 274 1623; x_wconf 86' lang='lat' dir='ltr'><strong>concedit,</strong></span> <span class='ocrx_word' id='word_1_115' title='bbox 287 1577 349 1626; x_wconf 91' lang='lat' dir='ltr'><strong>quos</strong></span> <span class='ocrx_word' id='word_1_116' title='bbox 360 1577 444 1613; x_wconf 87' lang='lat' dir='ltr'><strong>onmes</strong></span> <span class='ocrx_word' id='word_1_117' title='bbox 456 1569 504 1613; x_wconf 87' lang='lat' dir='ltr'><strong>tarn</strong></span> <span class='ocrx_word' id='word_1_118' title='bbox 515 1565 590 1615; x_wconf 89' lang='lat' dir='ltr'><strong>duces</strong></span> <span class='ocrx_word' id='word_1_119' title='bbox 600 1580 672 1628; x_wconf 88' lang='lat' dir='ltr'><strong>quarn</strong></span> <span class='ocrx_word' id='word_1_120' title='bbox 684 1567 773 1617; x_wconf 85' lang='lat' dir='ltr'><strong>milites</strong></span> <span class='ocrx_word' id='word_1_121' title='bbox 784 1582 836 1618; x_wconf 88' lang='lat' dir='ltr'><strong>mu·</strong></span> 
     </span>
     <span class='ocr_line' id='line_1_16' title="bbox 79 1633 836 1696; baseline 0.009 -14"><span class='ocrx_word' id='word_1_122' title='bbox 79 1634 175 1682; x_wconf 79' lang='lat' dir='ltr'><strong>rerihus</strong></span> <span class='ocrx_word' id='word_1_123' title='bbox 186 1637 269 1682; x_wconf 88' lang='lat' dir='ltr'><strong>ornat.</strong></span> <span class='ocrx_word' id='word_1_124' title='bbox 304 1633 394 1682; x_wconf 79' lang='lat' dir='ltr'><strong>Amicis</strong></span> <span class='ocrx_word' id='word_1_125' title='bbox 405 1635 430 1682; x_wconf 90' lang='lat' dir='ltr'><strong>et</strong></span> <span class='ocrx_word' id='word_1_126' title='bbox 444 1635 585 1696; x_wconf 81' lang='lat' dir='ltr'><strong>proceribus</strong></span> <span class='ocrx_word' id='word_1_127' title='bbox 600 1637 737 1686; x_wconf 80' lang='lat' dir='ltr'><strong>conuocatis</strong></span> <span class='ocrx_word' id='word_1_128' title='bbox 752 1651 836 1688; x_wconf 85' lang='lat' dir='ltr'><strong>omnes</strong></span> 
     </span>
     <span class='ocr_line' id='line_1_17' title="bbox 81 1704 835 1767; baseline 0.005 -15"><span class='ocrx_word' id='word_1_129' title='bbox 81 1718 135 1752; x_wconf 81' lang='lat' dir='ltr'><strong>suas</strong></span> <span class='ocrx_word' id='word_1_130' title='bbox 146 1705 233 1766; x_wconf 77' lang='lat' dir='ltr'><strong>rcipias</strong></span> <span class='ocrx_word' id='word_1_131' title='bbox 243 1707 268 1752; x_wconf 89' lang='lat' dir='ltr'><strong>et</strong></span> <span class='ocrx_word' id='word_1_132' title='bbox 276 1716 335 1766; x_wconf 89' lang='lat' dir='ltr'><strong>opes</strong></span> <span class='ocrx_word' id='word_1_133' title='bbox 343 1704 456 1754; x_wconf 88' lang='lat' dir='ltr'><strong>ostendit.</strong></span> <span class='ocrx_word' id='word_1_134' title='bbox 464 1731 495 1740; x_wconf 89' lang='lat'>-</span> <span class='ocrx_word' id='word_1_135' title='bbox 505 1708 562 1755; x_wconf 84' lang='lat' dir='ltr'><strong>cae.</strong></span> <span class='ocrx_word' id='word_1_136' title='bbox 571 1709 601 1754; x_wconf 86' lang='lat' dir='ltr'><strong>V.</strong></span> <span class='ocrx_word' id='word_1_137' title='bbox 613 1707 668 1767; x_wconf 90' lang='lat' dir='ltr'><strong>cyri</strong></span> <span class='ocrx_word' id='word_1_138' title='bbox 678 1707 702 1754; x_wconf 90' lang='lat' dir='ltr'><strong>in</strong></span> <span class='ocrx_word' id='word_1_139' title='bbox 715 1707 835 1756; x_wconf 81' lang='lat' dir='ltr'><strong>Persidem</strong></span> 
     </span>
     <span class='ocr_line' id='line_1_18' title="bbox 79 1775 836 1838; baseline 0.001 -14"><span class='ocrx_word' id='word_1_140' title='bbox 79 1775 256 1838; x_wconf 65' lang='lat' dir='ltr'><strong>nanciscentis</strong></span> <span class='ocrx_word' id='word_1_141' title='bbox 263 1787 348 1835; x_wconf 85' lang='lat' dir='ltr'><strong>agrnen</strong></span> <span class='ocrx_word' id='word_1_142' title='bbox 355 1777 380 1823; x_wconf 93' lang='lat' dir='ltr'><strong>et</strong></span> <span class='ocrx_word' id='word_1_143' title='bbox 388 1777 521 1824; x_wconf 88' lang='lat' dir='ltr'><strong>castromm</strong></span> <span class='ocrx_word' id='word_1_144' title='bbox 528 1776 589 1824; x_wconf 90' lang='lat' dir='ltr'><strong>ratio</strong></span> <span class='ocrx_word' id='word_1_145' title='bbox 596 1776 746 1825; x_wconf 76' lang='lat' dir='ltr'><strong>describitur.</strong></span> <span class='ocrx_word' id='word_1_146' title='bbox 758 1779 836 1838; x_wconf 87' lang='lat' dir='ltr'><strong>Cyrus</strong></span> 
     </span>
     <span class='ocr_line' id='line_1_19' title="bbox 79 1845 835 1908; baseline 0.003 -14"><span class='ocrx_word' id='word_1_147' title='bbox 79 1845 106 1894; x_wconf 91' lang='lat' dir='ltr'><strong>ad</strong></span> <span class='ocrx_word' id='word_1_148' title='bbox 117 1849 257 1906; x_wconf 79' lang='lat' dir='ltr'><strong>cyaxarem</strong></span> <span class='ocrx_word' id='word_1_149' title='bbox 266 1845 409 1904; x_wconf 83' lang='lat' dir='ltr'><strong>devertitur,</strong></span> <span class='ocrx_word' id='word_1_150' title='bbox 417 1857 431 1894; x_wconf 89' lang='lat' dir='ltr'><strong>a</strong></span> <span class='ocrx_word' id='word_1_151' title='bbox 440 1859 489 1908; x_wconf 91' lang='lat' dir='ltr'><strong>quo</strong></span> <span class='ocrx_word' id='word_1_152' title='bbox 498 1845 547 1896; x_wconf 85' lang='lat' dir='ltr'><strong>lilio</strong></span> <span class='ocrx_word' id='word_1_153' title='bbox 557 1851 582 1895; x_wconf 88' lang='lat' dir='ltr'><strong>et</strong></span> <span class='ocrx_word' id='word_1_154' title='bbox 589 1847 667 1896; x_wconf 81' lang='lat' dir='ltr'><strong>bledla</strong></span> <span class='ocrx_word' id='word_1_155' title='bbox 678 1847 741 1896; x_wconf 88' lang='lat' dir='ltr'><strong>dotis</strong></span> <span class='ocrx_word' id='word_1_156' title='bbox 751 1847 804 1896; x_wconf 89' lang='lat' dir='ltr'><strong>loco</strong></span> <span class='ocrx_word' id='word_1_157' title='bbox 813 1848 835 1896; x_wconf 84' lang='lat' dir='ltr'><strong>ei</strong></span> 
     </span>
     <span class='ocr_line' id='line_1_20' title="bbox 78 1913 836 1978; baseline 0.003 -14"><span class='ocrx_word' id='word_1_158' title='bbox 78 1915 187 1964; x_wconf 86' lang='lat' dir='ltr'><strong>ollrrtur.</strong></span> <span class='ocrx_word' id='word_1_159' title='bbox 220 1913 350 1975; x_wconf 72' lang='lat' dir='ltr'><strong>cambysis</strong></span> <span class='ocrx_word' id='word_1_160' title='bbox 366 1916 507 1964; x_wconf 86' lang='lat' dir='ltr'><strong>auctoritate</strong></span> <span class='ocrx_word' id='word_1_161' title='bbox 521 1919 589 1978; x_wconf 86' lang='lat' dir='ltr'><strong>pactu</strong></span> <span class='ocrx_word' id='word_1_162' title='bbox 605 1916 666 1965; x_wconf 87' lang='lat' dir='ltr'><strong>hunt</strong></span> <span class='ocrx_word' id='word_1_163' title='bbox 679 1917 758 1978; x_wconf 86' lang='lat' dir='ltr'><strong>jurata</strong></span> <span class='ocrx_word' id='word_1_164' title='bbox 774 1915 836 1966; x_wconf 82' lang='lat' dir='ltr'><strong>inter</strong></span> 
     </span>
     <span class='ocr_line' id='line_1_21' title="bbox 78 1983 835 2048; baseline 0.001 -13"><span class='ocrx_word' id='word_1_165' title='bbox 78 1991 162 2036; x_wconf 74' lang='lat' dir='ltr'><strong>ernas</strong></span> <span class='ocrx_word' id='word_1_166' title='bbox 176 1989 319 2046; x_wconf 80' lang='lat' dir='ltr'><strong>cyrumque</strong></span> <span class='ocrx_word' id='word_1_167' title='bbox 328 1983 359 2034; x_wconf 90' lang='lat' dir='ltr'><strong>de</strong></span> <span class='ocrx_word' id='word_1_168' title='bbox 370 1997 443 2046; x_wconf 90' lang='lat' dir='ltr'><strong>regno</strong></span> <span class='ocrx_word' id='word_1_169' title='bbox 453 1987 557 2035; x_wconf 84' lang='lat' dir='ltr'><strong>Persico.</strong></span> <span class='ocrx_word' id='word_1_170' title='bbox 585 1989 701 2048; x_wconf 80' lang='lat' dir='ltr'><strong>Cyaxnris</strong></span> <span class='ocrx_word' id='word_1_171' title='bbox 710 1987 783 2036; x_wconf 85' lang='lat' dir='ltr'><strong>srliam</strong></span> <span class='ocrx_word' id='word_1_172' title='bbox 793 1988 835 2036; x_wconf 92' lang='lat' dir='ltr'><strong>du·</strong></span> 
     </span>
     <span class='ocr_line' id='line_1_22' title="bbox 78 2056 835 2119; baseline 0.003 -15"><span class='ocrx_word' id='word_1_173' title='bbox 78 2056 109 2104; x_wconf 87' lang='lat' dir='ltr'><strong>rit</strong></span> <span class='ocrx_word' id='word_1_174' title='bbox 122 2069 229 2104; x_wconf 67' lang='lat' dir='ltr'><strong>uxorari</strong></span> <span class='ocrx_word' id='word_1_175' title='bbox 246 2058 334 2116; x_wconf 89' lang='lat' dir='ltr'><strong>cyrus.</strong></span> <span class='ocrx_word' id='word_1_176' title='bbox 354 2059 455 2104; x_wconf 82' lang='lat' dir='ltr'><strong>-car,</strong></span> <span class='ocrx_word' id='word_1_177' title='bbox 471 2059 513 2104; x_wconf 85' lang='lat' dir='ltr'><strong>vl.</strong></span> <span class='ocrx_word' id='word_1_178' title='bbox 530 2060 643 2119; x_wconf 84' lang='lat' dir='ltr'><strong>satrapas</strong></span> <span class='ocrx_word' id='word_1_179' title='bbox 659 2057 835 2119; x_wconf 69' lang='lat' dir='ltr'><strong>provinciarum</strong></span> 
     </span>
     <span class='ocr_line' id='line_1_23' title="bbox 78 2114 835 2190; baseline 0 -15"><span class='ocrx_word' id='word_1_180' title='bbox 78 2127 220 2185; x_wconf 79' lang='lat' dir='ltr'><strong>constituit,</strong></span> <span class='ocrx_word' id='word_1_181' title='bbox 232 2125 320 2188; x_wconf 87' lang='lat' dir='ltr'><strong>quibus</strong></span> <span class='ocrx_word' id='word_1_182' title='bbox 332 2125 433 2174; x_wconf 79' lang='lat' dir='ltr'><strong>eandem</strong></span> <span class='ocrx_word' id='word_1_183' title='bbox 444 2114 701 2190; x_wconf 63' lang='lat' dir='ltr'><strong>urorumdisciplinum</strong></span> <span class='ocrx_word' id='word_1_184' title='bbox 716 2139 835 2179; x_wconf 85' lang='lat' dir='ltr'><strong>ceramen-</strong></span> 
     </span>
     <span class='ocr_line' id='line_1_24' title="bbox 77 2195 835 2259; baseline 0 -13"><span class='ocrx_word' id='word_1_185' title='bbox 77 2197 128 2256; x_wconf 83' lang='lat' dir='ltr'><strong>det,</strong></span> <span class='ocrx_word' id='word_1_186' title='bbox 141 2209 202 2258; x_wconf 80' lang='lat' dir='ltr'><strong>quae</strong></span> <span class='ocrx_word' id='word_1_187' title='bbox 211 2195 276 2258; x_wconf 87' lang='lat' dir='ltr'><strong>apud</strong></span> <span class='ocrx_word' id='word_1_188' title='bbox 286 2197 365 2259; x_wconf 88' lang='lat' dir='ltr'><strong>ipsum</strong></span> <span class='ocrx_word' id='word_1_189' title='bbox 375 2197 400 2246; x_wconf 88' lang='lat' dir='ltr'><strong>in</strong></span> <span class='ocrx_word' id='word_1_190' title='bbox 410 2197 470 2246; x_wconf 87' lang='lat' dir='ltr'><strong>mbe</strong></span> <span class='ocrx_word' id='word_1_191' title='bbox 479 2197 578 2246; x_wconf 87' lang='lat' dir='ltr'><strong>obtinet.</strong></span> <span class='ocrx_word' id='word_1_192' title='bbox 587 2200 705 2258; x_wconf 64' lang='lat' dir='ltr'><strong>Aegates</strong></span> <span class='ocrx_word' id='word_1_193' title='bbox 716 2198 835 2258; x_wconf 86' lang='lat' dir='ltr'><strong>instituit,</strong></span> 
     </span>
     <span class='ocr_line' id='line_1_25' title="bbox 76 2264 835 2329; baseline 0.003 -15"><span class='ocrx_word' id='word_1_194' title='bbox 76 2268 116 2329; x_wconf 88' lang='lat' dir='ltr'><strong>qni</strong></span> <span class='ocrx_word' id='word_1_195' title='bbox 126 2279 187 2314; x_wconf 86' lang='lat' dir='ltr'><strong>cnm</strong></span> <span class='ocrx_word' id='word_1_196' title='bbox 196 2266 304 2314; x_wconf 82' lang='lat' dir='ltr'><strong>exercitu</strong></span> <span class='ocrx_word' id='word_1_197' title='bbox 311 2265 448 2328; x_wconf 83' lang='lat' dir='ltr'><strong>provincias</strong></span> <span class='ocrx_word' id='word_1_198' title='bbox 457 2266 556 2328; x_wconf 89' lang='lat' dir='ltr'><strong>obeant;</strong></span> <span class='ocrx_word' id='word_1_199' title='bbox 567 2264 667 2326; x_wconf 81' lang='lat' dir='ltr'><strong>aligeros</strong></span> <span class='ocrx_word' id='word_1_200' title='bbox 676 2268 734 2316; x_wconf 88' lang='lat' dir='ltr'><strong>item</strong></span> <span class='ocrx_word' id='word_1_201' title='bbox 742 2281 786 2317; x_wconf 88' lang='lat' dir='ltr'><strong>seu</strong></span> <span class='ocrx_word' id='word_1_202' title='bbox 796 2280 835 2316; x_wconf 87' lang='lat' dir='ltr'><strong>re·</strong></span> 
     </span>
     <span class='ocr_line' id='line_1_26' title="bbox 77 2335 835 2400; baseline 0.004 -15"><span class='ocrx_word' id='word_1_203' title='bbox 77 2335 185 2385; x_wconf 74' lang='lat' dir='ltr'><strong>redarioe</strong></span> <span class='ocrx_word' id='word_1_204' title='bbox 194 2335 301 2396; x_wconf 85' lang='lat' dir='ltr'><strong>disponit</strong></span> <span class='ocrx_word' id='word_1_205' title='bbox 308 2349 350 2397; x_wconf 89' lang='lat' dir='ltr'><strong>per</strong></span> <span class='ocrx_word' id='word_1_206' title='bbox 359 2336 474 2386; x_wconf 89' lang='lat' dir='ltr'><strong>stationes</strong></span> <span class='ocrx_word' id='word_1_207' title='bbox 481 2371 488 2396; x_wconf 90' lang='lat'><strong><em>‚</em></strong></span> <span class='ocrx_word' id='word_1_208' title='bbox 496 2337 537 2398; x_wconf 94' lang='lat' dir='ltr'><strong>qui</strong></span> <span class='ocrx_word' id='word_1_209' title='bbox 549 2337 662 2400; x_wconf 77' lang='lat' dir='ltr'><strong>epistolas</strong></span> <span class='ocrx_word' id='word_1_210' title='bbox 672 2351 766 2386; x_wconf 87' lang='lat' dir='ltr'><strong>surnmu</strong></span> <span class='ocrx_word' id='word_1_211' title='bbox 775 2338 835 2388; x_wconf 91' lang='lat' dir='ltr'><strong>cele·</strong></span> 
     </span>
     <span class='ocr_line' id='line_1_27' title="bbox 77 2405 835 2469; baseline 0.004 -15"><span class='ocrx_word' id='word_1_212' title='bbox 77 2407 146 2456; x_wconf 78' lang='lat' dir='ltr'><strong>ritate</strong></span> <span class='ocrx_word' id='word_1_213' title='bbox 158 2417 314 2468; x_wconf 85' lang='lat' dir='ltr'><strong>quorumque</strong></span> <span class='ocrx_word' id='word_1_214' title='bbox 326 2405 453 2467; x_wconf 85' lang='lat' dir='ltr'><strong>perierant.</strong></span> <span class='ocrx_word' id='word_1_215' title='bbox 485 2407 541 2456; x_wconf 79' lang='lat' dir='ltr'><strong>Asia</strong></span> <span class='ocrx_word' id='word_1_216' title='bbox 549 2406 605 2456; x_wconf 89' lang='lat' dir='ltr'><strong>inde</strong></span> <span class='ocrx_word' id='word_1_217' title='bbox 616 2421 630 2454; x_wconf 90' lang='lat' dir='ltr'><strong>a</strong></span> <span class='ocrx_word' id='word_1_218' title='bbox 640 2407 708 2468; x_wconf 82' lang='lat' dir='ltr'><strong>syria</strong></span> <span class='ocrx_word' id='word_1_219' title='bbox 718 2419 793 2469; x_wconf 89' lang='lat' dir='ltr'><strong>usque</strong></span> <span class='ocrx_word' id='word_1_220' title='bbox 804 2407 835 2458; x_wconf 91' lang='lat' dir='ltr'><strong>ad</strong></span> 
     </span>
     <span class='ocr_line' id='line_1_28' title="bbox 4 2476 836 2538; baseline 0 -12"><span class='ocrx_word' id='word_1_221' title='bbox 4 2535 5 2538; x_wconf 8' lang='grc' dir='ltr'><strong>Ἴ</strong></span> <span class='ocrx_word' id='word_1_222' title='bbox 77 2491 142 2526; x_wconf 84' lang='lat' dir='ltr'><strong>mare</strong></span> <span class='ocrx_word' id='word_1_223' title='bbox 155 2477 259 2525; x_wconf 85' lang='lat' dir='ltr'><strong>rubnrm</strong></span> <span class='ocrx_word' id='word_1_224' title='bbox 270 2479 419 2538; x_wconf 72' lang='lat' dir='ltr'><strong>AEgyptoque</strong></span> <span class='ocrx_word' id='word_1_225' title='bbox 432 2476 522 2526; x_wconf 84' lang='lat' dir='ltr'><strong>domita</strong></span> <span class='ocrx_word' id='word_1_226' title='bbox 532 2477 639 2526; x_wconf 89' lang='lat' dir='ltr'><strong>habitare</strong></span> <span class='ocrx_word' id='word_1_227' title='bbox 649 2477 754 2526; x_wconf 88' lang='lat' dir='ltr'><strong>instituit</strong></span> <span class='ocrx_word' id='word_1_228' title='bbox 764 2477 836 2526; x_wconf 79' lang='lat' dir='ltr'><strong>niodo</strong></span> 
     </span>
     <span class='ocr_line' id='line_1_29' title="bbox 4 2545 836 2608; baseline 0.005 -16"><span class='ocrx_word' id='word_1_229' title='bbox 4 2587 5 2592; x_wconf 75' lang='grc'>,</span> <span class='ocrx_word' id='word_1_230' title='bbox 78 2547 201 2608; x_wconf 77' lang='lat' dir='ltr'><strong>babylone</strong></span> <span class='ocrx_word' id='word_1_231' title='bbox 212 2545 287 2594; x_wconf 90' lang='lat' dir='ltr'><strong>modo</strong></span> <span class='ocrx_word' id='word_1_232' title='bbox 297 2545 366 2594; x_wconf 89' lang='lat' dir='ltr'><strong>Susis</strong></span> <span class='ocrx_word' id='word_1_233' title='bbox 376 2545 448 2594; x_wconf 91' lang='lat' dir='ltr'><strong>modo</strong></span> <span class='ocrx_word' id='word_1_234' title='bbox 455 2545 590 2596; x_wconf 71' lang='lat' dir='ltr'><strong>Ecbatanis.</strong></span> <span class='ocrx_word' id='word_1_235' title='bbox 598 2573 627 2582; x_wconf 86' lang='lat'>-</span> <span class='ocrx_word' id='word_1_236' title='bbox 635 2549 692 2595; x_wconf 81' lang='lat' dir='ltr'><strong>Cur.</strong></span> <span class='ocrx_word' id='word_1_237' title='bbox 703 2549 757 2595; x_wconf 85' lang='lat' dir='ltr'><strong>vn.</strong></span> <span class='ocrx_word' id='word_1_238' title='bbox 770 2549 836 2596; x_wconf 86' lang='lat' dir='ltr'><strong>Som-</strong></span> 
     </span>
     <span class='ocr_line' id='line_1_30' title="bbox 78 2613 834 2678; baseline 0 -13"><span class='ocrx_word' id='word_1_239' title='bbox 78 2619 115 2665; x_wconf 93' lang='lat' dir='ltr'><strong>nio</strong></span> <span class='ocrx_word' id='word_1_240' title='bbox 126 2615 269 2664; x_wconf 86' lang='lat' dir='ltr'><strong>admonitus</strong></span> <span class='ocrx_word' id='word_1_241' title='bbox 278 2628 305 2663; x_wconf 87' lang='lat' dir='ltr'><strong>se</strong></span> <span class='ocrx_word' id='word_1_242' title='bbox 316 2619 385 2676; x_wconf 84' lang='lat' dir='ltr'><strong>parat</strong></span> <span class='ocrx_word' id='word_1_243' title='bbox 394 2615 425 2663; x_wconf 90' lang='lat' dir='ltr'><strong>ad</strong></span> <span class='ocrx_word' id='word_1_244' title='bbox 436 2613 570 2664; x_wconf 88' lang='lat' dir='ltr'><strong>discessum</strong></span> <span class='ocrx_word' id='word_1_245' title='bbox 580 2629 609 2664; x_wconf 81' lang='lat' dir='ltr'><strong>ex</strong></span> <span class='ocrx_word' id='word_1_246' title='bbox 625 2616 670 2664; x_wconf 87' lang='lat' dir='ltr'><strong>bac</strong></span> <span class='ocrx_word' id='word_1_247' title='bbox 682 2615 741 2664; x_wconf 87' lang='lat' dir='ltr'><strong>rita.</strong></span> <span class='ocrx_word' id='word_1_248' title='bbox 776 2615 834 2678; x_wconf 89' lang='lat' dir='ltr'><strong>Cyri</strong></span> 
     </span>
     <span class='ocr_line' id='line_1_31' title="bbox 78 2683 835 2748; baseline 0.001 -13"><span class='ocrx_word' id='word_1_249' title='bbox 78 2685 204 2735; x_wconf 84' lang='lat' dir='ltr'><strong>morientis</strong></span> <span class='ocrx_word' id='word_1_250' title='bbox 216 2685 294 2733; x_wconf 79' lang='lat' dir='ltr'><strong>orado</strong></span> <span class='ocrx_word' id='word_1_251' title='bbox 303 2685 336 2732; x_wconf 90' lang='lat' dir='ltr'><strong>ad</strong></span> <span class='ocrx_word' id='word_1_252' title='bbox 347 2683 408 2734; x_wconf 83' lang='lat' dir='ltr'><strong>filios</strong></span> <span class='ocrx_word' id='word_1_253' title='bbox 420 2691 444 2734; x_wconf 88' lang='lat' dir='ltr'><strong>et</strong></span> <span class='ocrx_word' id='word_1_254' title='bbox 456 2686 553 2734; x_wconf 87' lang='lat' dir='ltr'><strong>amicos.</strong></span> <span class='ocrx_word' id='word_1_255' title='bbox 564 2712 596 2722; x_wconf 89' lang='lat'>—</span> <span class='ocrx_word' id='word_1_256' title='bbox 605 2687 666 2736; x_wconf 81' lang='lat' dir='ltr'><strong>cir.</strong></span> <span class='ocrx_word' id='word_1_257' title='bbox 679 2689 747 2736; x_wconf 90' lang='lat' dir='ltr'><strong>Vlll.</strong></span> <span class='ocrx_word' id='word_1_258' title='bbox 758 2685 835 2748; x_wconf 83' lang='lat' dir='ltr'><strong>Epilo-</strong></span> 
     </span>
     <span class='ocr_line' id='line_1_32' title="bbox 78 2756 835 2820; baseline 0.003 -14"><span class='ocrx_word' id='word_1_259' title='bbox 78 2771 122 2820; x_wconf 77' lang='lat' dir='ltr'><strong>gus</strong></span> <span class='ocrx_word' id='word_1_260' title='bbox 130 2759 309 2806; x_wconf 87' lang='lat' dir='ltr'><strong>conunemorat</strong></span> <span class='ocrx_word' id='word_1_261' title='bbox 320 2757 402 2818; x_wconf 86' lang='lat' dir='ltr'><strong>scyri</strong></span> <span class='ocrx_word' id='word_1_262' title='bbox 414 2756 530 2806; x_wconf 87' lang='lat' dir='ltr'><strong>institutis</strong></span> <span class='ocrx_word' id='word_1_263' title='bbox 541 2756 657 2808; x_wconf 79' lang='lat' dir='ltr'><strong>deiedsse</strong></span> <span class='ocrx_word' id='word_1_264' title='bbox 667 2760 751 2807; x_wconf 82' lang='lat' dir='ltr'><strong>Persas</strong></span> <span class='ocrx_word' id='word_1_265' title='bbox 756 2761 835 2820; x_wconf 91' lang='lat' dir='ltr'><strong>poste-</strong></span> 
     </span>
     <span class='ocr_line' id='line_1_33' title="bbox 79 2826 485 2878; baseline -0.005 0"><span class='ocrx_word' id='word_1_266' title='bbox 79 2829 153 2878; x_wconf 87' lang='lat' dir='ltr'><strong>riores</strong></span> <span class='ocrx_word' id='word_1_267' title='bbox 161 2833 188 2876; x_wconf 88' lang='lat' dir='ltr'><strong>et</strong></span> <span class='ocrx_word' id='word_1_268' title='bbox 199 2827 332 2876; x_wconf 83' lang='lat' dir='ltr'><strong>deterimes</strong></span> <span class='ocrx_word' id='word_1_269' title='bbox 342 2826 485 2876; x_wconf 70' lang='lat' dir='ltr'><strong>oemiados.</strong></span> 
     </span>
    </p>
   </div>
   <div class='ocr_carea' id='block_1_10' title="bbox 361 2971 521 2996">
    <p class='ocr_par' dir='ltr' id='par_1_10' title="bbox 361 2971 521 2996">
     <span class='ocr_line' id='line_1_34' title="bbox 361 2971 521 2996; baseline 0 -4"><span class='ocrx_word' id='word_1_270' title='bbox 361 2971 521 2996; x_wconf 49' lang='grc' dir='ltr'><strong>καθοσι-</strong></span> 
     </span>
    </p>
   </div>
   <div class='ocr_carea' id='block_1_11' title="bbox 211 3100 667 3183">
    <p class='ocr_par' dir='ltr' id='par_1_11' title="bbox 211 3100 667 3183">
     <span class='ocr_line' id='line_1_35' title="bbox 211 3100 667 3183; baseline 0 -2"><span class='ocrx_word' id='word_1_271' title='bbox 211 3100 342 3183; x_wconf 84' lang='lat' dir='ltr'><strong>CYRI</strong></span> <span class='ocrx_word' id='word_1_272' title='bbox 374 3100 667 3183; x_wconf 83' lang='lat' dir='ltr'><strong>EXPEDITIO.</strong></span> 
     </span>
    </p>
   </div>
   <div class='ocr_carea' id='block_1_12' title="bbox 364 3408 522 3469">
    <p class='ocr_par' dir='ltr' id='par_1_12' title="bbox 364 3408 522 3469">
     <span class='ocr_line' id='line_1_36' title="bbox 364 3408 522 3469; baseline 0 -1"><span class='ocrx_word' id='word_1_273' title='bbox 364 3408 478 3469; x_wconf 86' lang='lat' dir='ltr'>LIBER</span> <span class='ocrx_word' id='word_1_274' title='bbox 499 3410 522 3468; x_wconf 92' lang='lat' dir='ltr'><strong>l.</strong></span> 
     </span>
    </p>
   </div>
   <div class='ocr_carea' id='block_1_13' title="bbox 4 3547 834 5432">
    <p class='ocr_par' dir='ltr' id='par_1_13' title="bbox 54 3547 834 4521">
     <span class='ocr_line' id='line_1_37' title="bbox 54 3547 834 3613; baseline 0.003 -16"><span class='ocrx_word' id='word_1_275' title='bbox 54 3550 128 3597; x_wconf 70' lang='lat' dir='ltr'><strong>Cesar</strong></span> <span class='ocrx_word' id='word_1_276' title='bbox 139 3552 157 3597; x_wconf 92' lang='lat' dir='ltr'><strong>l.</strong></span> <span class='ocrx_word' id='word_1_277' title='bbox 168 3552 250 3610; x_wconf 82' lang='lat' dir='ltr'><strong>Cyrus</strong></span> <span class='ocrx_word' id='word_1_278' title='bbox 257 3547 344 3607; x_wconf 89' lang='lat' dir='ltr'><strong>minor,</strong></span> <span class='ocrx_word' id='word_1_279' title='bbox 354 3547 501 3610; x_wconf 86' lang='lat' dir='ltr'><strong>Daricpatre</strong></span> <span class='ocrx_word' id='word_1_280' title='bbox 510 3548 658 3611; x_wconf 90' lang='lat' dir='ltr'><strong>mortuo,0b</strong></span> <span class='ocrx_word' id='word_1_281' title='bbox 668 3548 834 3613; x_wconf 84' lang='lat' dir='ltr'><strong>Tissaplrernis</strong></span> 
     </span>
     <span class='ocr_line' id='line_1_38' title="bbox 79 3617 834 3681; baseline 0.003 -14"><span class='ocrx_word' id='word_1_282' title='bbox 79 3618 223 3668; x_wconf 72' lang='lat' dir='ltr'><strong>mlamrniam</strong></span> <span class='ocrx_word' id='word_1_283' title='bbox 233 3617 298 3680; x_wconf 91' lang='lat' dir='ltr'><strong>apud</strong></span> <span class='ocrx_word' id='word_1_284' title='bbox 310 3622 467 3666; x_wconf 77' lang='lat' dir='ltr'><strong>Artaxerxem</strong></span> <span class='ocrx_word' id='word_1_285' title='bbox 484 3618 579 3667; x_wconf 83' lang='lat' dir='ltr'><strong>tratrem</strong></span> <span class='ocrx_word' id='word_1_286' title='bbox 596 3632 675 3679; x_wconf 88' lang='lat' dir='ltr'><strong>regem</strong></span> <span class='ocrx_word' id='word_1_287' title='bbox 688 3620 834 3681; x_wconf 88' lang='lat' dir='ltr'><strong>periclitatur</strong></span> 
     </span>
     <span class='ocr_line' id='line_1_39' title="bbox 78 3688 834 3752; baseline 0.003 -15"><span class='ocrx_word' id='word_1_288' title='bbox 78 3688 107 3737; x_wconf 85' lang='lat' dir='ltr'><strong>de</strong></span> <span class='ocrx_word' id='word_1_289' title='bbox 117 3690 174 3738; x_wconf 83' lang='lat' dir='ltr'><strong>vita.</strong></span> <span class='ocrx_word' id='word_1_290' title='bbox 199 3688 248 3737; x_wconf 86' lang='lat' dir='ltr'><strong>sed</strong></span> <span class='ocrx_word' id='word_1_291' title='bbox 259 3688 300 3735; x_wconf 84' lang='lat' dir='ltr'><strong>vix</strong></span> <span class='ocrx_word' id='word_1_292' title='bbox 312 3688 395 3736; x_wconf 82' lang='lat' dir='ltr'><strong>metris</strong></span> <span class='ocrx_word' id='word_1_293' title='bbox 405 3688 540 3737; x_wconf 87' lang='lat' dir='ltr'><strong>interventu</strong></span> <span class='ocrx_word' id='word_1_294' title='bbox 550 3690 709 3752; x_wconf 88' lang='lat' dir='ltr'><strong>precibusque</strong></span> <span class='ocrx_word' id='word_1_295' title='bbox 718 3690 834 3739; x_wconf 85' lang='lat' dir='ltr'><strong>liberatus</strong></span> 
     </span>
     <span class='ocr_line' id='line_1_40' title="bbox 78 3758 833 3821; baseline 0.001 -14"><span class='ocrx_word' id='word_1_296' title='bbox 78 3764 101 3807; x_wconf 87' lang='lat' dir='ltr'><strong>et</strong></span> <span class='ocrx_word' id='word_1_297' title='bbox 114 3760 138 3807; x_wconf 93' lang='lat' dir='ltr'><strong>in</strong></span> <span class='ocrx_word' id='word_1_298' title='bbox 152 3760 298 3821; x_wconf 80' lang='lat' dir='ltr'><strong>satrapiam,</strong></span> <span class='ocrx_word' id='word_1_299' title='bbox 308 3758 348 3806; x_wconf 88' lang='lat' dir='ltr'><strong>eui</strong></span> <span class='ocrx_word' id='word_1_300' title='bbox 366 3770 381 3805; x_wconf 89' lang='lat' dir='ltr'><strong>a</strong></span> <span class='ocrx_word' id='word_1_301' title='bbox 397 3758 469 3806; x_wconf 86' lang='lat' dir='ltr'><strong>Dario</strong></span> <span class='ocrx_word' id='word_1_302' title='bbox 488 3759 616 3821; x_wconf 78' lang='lat' dir='ltr'><strong>praelectus</strong></span> <span class='ocrx_word' id='word_1_303' title='bbox 628 3764 692 3819; x_wconf 84' lang='lat' dir='ltr'><strong>eret,</strong></span> <span class='ocrx_word' id='word_1_304' title='bbox 705 3760 833 3819; x_wconf 90' lang='lat' dir='ltr'><strong>remissus,</strong></span> 
     </span>
     <span class='ocr_line' id='line_1_41' title="bbox 78 3828 834 3891; baseline 0.003 -14"><span class='ocrx_word' id='word_1_305' title='bbox 78 3830 143 3891; x_wconf 79' lang='lat' dir='ltr'><strong>regni</strong></span> <span class='ocrx_word' id='word_1_306' title='bbox 158 3828 295 3891; x_wconf 85' lang='lat' dir='ltr'><strong>cupiditate</strong></span> <span class='ocrx_word' id='word_1_307' title='bbox 307 3841 355 3877; x_wconf 90' lang='lat' dir='ltr'><strong>non</strong></span> <span class='ocrx_word' id='word_1_308' title='bbox 366 3829 450 3876; x_wconf 88' lang='lat' dir='ltr'><strong>minus</strong></span> <span class='ocrx_word' id='word_1_309' title='bbox 466 3840 538 3890; x_wconf 85' lang='lat' dir='ltr'><strong>quam</strong></span> <span class='ocrx_word' id='word_1_310' title='bbox 557 3828 637 3878; x_wconf 76' lang='lat' dir='ltr'><strong>fratris</strong></span> <span class='ocrx_word' id='word_1_311' title='bbox 652 3829 708 3877; x_wconf 90' lang='lat' dir='ltr'><strong>odic</strong></span> <span class='ocrx_word' id='word_1_312' title='bbox 721 3828 834 3879; x_wconf 84' lang='lat' dir='ltr'><strong>incitatus</strong></span> 
     </span>
     <span class='ocr_line' id='line_1_42' title="bbox 78 3898 832 3963; baseline 0.001 -15"><span class='ocrx_word' id='word_1_313' title='bbox 78 3901 167 3949; x_wconf 80' lang='lat' dir='ltr'><strong>bellum</strong></span> <span class='ocrx_word' id='word_1_314' title='bbox 177 3903 261 3963; x_wconf 89' lang='lat' dir='ltr'><strong>parat,</strong></span> <span class='ocrx_word' id='word_1_315' title='bbox 279 3900 321 3947; x_wconf 89' lang='lat' dir='ltr'><strong>sed</strong></span> <span class='ocrx_word' id='word_1_316' title='bbox 336 3898 485 3957; x_wconf 84' lang='lat' dir='ltr'><strong>clanculum,</strong></span> <span class='ocrx_word' id='word_1_317' title='bbox 498 3898 582 3948; x_wconf 89' lang='lat' dir='ltr'><strong>multis</strong></span> <span class='ocrx_word' id='word_1_318' title='bbox 593 3900 668 3963; x_wconf 90' lang='lat' dir='ltr'><strong>copiis</strong></span> <span class='ocrx_word' id='word_1_319' title='bbox 682 3904 733 3948; x_wconf 89' lang='lat' dir='ltr'><strong>turn</strong></span> <span class='ocrx_word' id='word_1_320' title='bbox 750 3900 832 3949; x_wconf 87' lang='lat' dir='ltr'><strong>barba-</strong></span> 
     </span>
     <span class='ocr_line' id='line_1_43' title="bbox 79 3966 833 4033; baseline 0.001 -16"><span class='ocrx_word' id='word_1_321' title='bbox 79 3982 159 4017; x_wconf 84' lang='lat' dir='ltr'><strong>rernm</strong></span> <span class='ocrx_word' id='word_1_322' title='bbox 171 3974 227 4018; x_wconf 77' lang='lat' dir='ltr'><strong>urm</strong></span> <span class='ocrx_word' id='word_1_323' title='bbox 244 3972 382 4017; x_wconf 75' lang='lat' dir='ltr'><strong>Graecorum</strong></span> <span class='ocrx_word' id='word_1_324' title='bbox 393 3968 438 4017; x_wconf 89' lang='lat' dir='ltr'><strong>sub</strong></span> <span class='ocrx_word' id='word_1_325' title='bbox 450 3967 551 4017; x_wconf 85' lang='lat' dir='ltr'><strong>diversis</strong></span> <span class='ocrx_word' id='word_1_326' title='bbox 566 3966 642 4018; x_wconf 92' lang='lat' dir='ltr'><strong>tltulls</strong></span> <span class='ocrx_word' id='word_1_327' title='bbox 653 3969 758 4033; x_wconf 89' lang='lat' dir='ltr'><strong>undique</strong></span> <span class='ocrx_word' id='word_1_328' title='bbox 770 3984 833 4019; x_wconf 91' lang='lat' dir='ltr'><strong>com·</strong></span> 
     </span>
     <span class='ocr_line' id='line_1_44' title="bbox 77 4034 831 4107; baseline 0.003 -22"><span class='ocrx_word' id='word_1_329' title='bbox 77 4036 204 4101; x_wconf 81' lang='lat' dir='ltr'><strong>parandis,</strong></span> <span class='ocrx_word' id='word_1_330' title='bbox 218 4042 242 4086; x_wconf 90' lang='lat' dir='ltr'><strong>et</strong></span> <span class='ocrx_word' id='word_1_331' title='bbox 258 4036 344 4087; x_wconf 88' lang='lat' dir='ltr'><strong>callide</strong></span> <span class='ocrx_word' id='word_1_332' title='bbox 360 4050 406 4086; x_wconf 90' lang='lat' dir='ltr'><strong>suo</strong></span> <span class='ocrx_word' id='word_1_333' title='bbox 416 4038 515 4087; x_wconf 85' lang='lat' dir='ltr'><strong>consilio</strong></span> <span class='ocrx_word' id='word_1_334' title='bbox 533 4034 714 4107; x_wconf 82' lang='lat' dir='ltr'><strong>dissimulando.</strong></span> <span class='ocrx_word' id='word_1_335' title='bbox 727 4067 757 4075; x_wconf 86' lang='lat'><em>-</em></span> <span class='ocrx_word' id='word_1_336' title='bbox 773 4041 831 4090; x_wconf 74' lang='lat' dir='ltr'><strong>cir.</strong></span> 
     </span>
     <span class='ocr_line' id='line_1_45' title="bbox 77 4108 834 4174; baseline 0.005 -17"><span class='ocrx_word' id='word_1_337' title='bbox 77 4112 107 4158; x_wconf 93' lang='lat' dir='ltr'><strong>ll.</strong></span> <span class='ocrx_word' id='word_1_338' title='bbox 127 4108 261 4169; x_wconf 82' lang='lat' dir='ltr'><strong>Sardibus,</strong></span> <span class='ocrx_word' id='word_1_339' title='bbox 275 4122 323 4169; x_wconf 91' lang='lat' dir='ltr'><strong>quo</strong></span> <span class='ocrx_word' id='word_1_340' title='bbox 337 4108 413 4171; x_wconf 80' lang='lat' dir='ltr'><strong>ropiae</strong></span> <span class='ocrx_word' id='word_1_341' title='bbox 425 4114 602 4169; x_wconf 86' lang='lat' dir='ltr'><strong>convenerunt,</strong></span> <span class='ocrx_word' id='word_1_342' title='bbox 617 4110 775 4172; x_wconf 82' lang='lat' dir='ltr'><strong>proficiscitur</strong></span> <span class='ocrx_word' id='word_1_343' title='bbox 791 4124 834 4174; x_wconf 87' lang='lat' dir='ltr'><strong>per</strong></span> 
     </span>
     <span class='ocr_line' id='line_1_46' title="bbox 76 4175 834 4243; baseline 0.005 -16"><span class='ocrx_word' id='word_1_344' title='bbox 76 4179 191 4239; x_wconf 57' lang='lat' dir='ltr'><strong>Lydiam</strong></span> <span class='ocrx_word' id='word_1_345' title='bbox 213 4178 277 4239; x_wconf 84' lang='lat' dir='ltr'><strong>Phry</strong></span> <span class='ocrx_word' id='word_1_346' title='bbox 295 4178 300 4187; x_wconf 94' lang='lat'>&#39;</span> <span class='ocrx_word' id='word_1_347' title='bbox 317 4175 341 4225; x_wconf 86' lang='lat' dir='ltr'><strong>ib</strong></span> <span class='ocrx_word' id='word_1_348' title='bbox 357 4178 487 4239; x_wconf 86' lang='lat' dir='ltr'><strong>majorem,</strong></span> <span class='ocrx_word' id='word_1_349' title='bbox 507 4180 651 4240; x_wconf 74' lang='lat' dir='ltr'><strong>Lycaoniam</strong></span> <span class='ocrx_word' id='word_1_350' title='bbox 672 4186 696 4229; x_wconf 89' lang='lat' dir='ltr'><strong>et</strong></span> <span class='ocrx_word' id='word_1_351' title='bbox 715 4182 834 4243; x_wconf 87' lang='lat' dir='ltr'><strong>superatis</strong></span> 
     </span>
     <span class='ocr_line' id='line_1_47' title="bbox 78 4248 834 4313; baseline 0.003 -14"><span class='ocrx_word' id='word_1_352' title='bbox 78 4250 166 4299; x_wconf 74' lang='lat' dir='ltr'><strong>cilicie</strong></span> <span class='ocrx_word' id='word_1_353' title='bbox 193 4248 275 4297; x_wconf 85' lang='lat' dir='ltr'><strong>ianeih</strong></span> <span class='ocrx_word' id='word_1_354' title='bbox 324 4249 432 4310; x_wconf 90' lang='lat' dir='ltr'><strong>pervenit</strong></span> <span class='ocrx_word' id='word_1_355' title='bbox 456 4252 558 4298; x_wconf 87' lang='lat' dir='ltr'><strong>Tarsum</strong></span> <span class='ocrx_word' id='word_1_356' title='bbox 577 4251 662 4299; x_wconf 87' lang='lat' dir='ltr'><strong>castris</strong></span> <span class='ocrx_word' id='word_1_357' title='bbox 686 4256 789 4313; x_wconf 90' lang='lat' dir='ltr'><strong>quatuor</strong></span> <span class='ocrx_word' id='word_1_358' title='bbox 809 4256 834 4301; x_wconf 87' lang='lat' dir='ltr'><strong>et</strong></span> 
     </span>
     <span class='ocr_line' id='line_1_48' title="bbox 77 4317 830 4383; baseline 0.004 -17"><span class='ocrx_word' id='word_1_359' title='bbox 77 4318 189 4380; x_wconf 75' lang='lat' dir='ltr'><strong>triglitis,</strong></span> <span class='ocrx_word' id='word_1_360' title='bbox 201 4318 267 4366; x_wconf 89' lang='lat' dir='ltr'><strong>intra</strong></span> <span class='ocrx_word' id='word_1_361' title='bbox 278 4317 330 4365; x_wconf 89' lang='lat' dir='ltr'><strong>dies</strong></span> <span class='ocrx_word' id='word_1_362' title='bbox 339 4318 445 4380; x_wconf 91' lang='lat' dir='ltr'><strong>quinque</strong></span> <span class='ocrx_word' id='word_1_363' title='bbox 457 4322 481 4365; x_wconf 92' lang='lat' dir='ltr'><strong>et</strong></span> <span class='ocrx_word' id='word_1_364' title='bbox 498 4320 683 4381; x_wconf 84' lang='lat' dir='ltr'><strong>quinquaginta,</strong></span> <span class='ocrx_word' id='word_1_365' title='bbox 702 4321 748 4370; x_wconf 90' lang='lat' dir='ltr'><strong>iter</strong></span> <span class='ocrx_word' id='word_1_366' title='bbox 765 4334 830 4383; x_wconf 88' lang='lat' dir='ltr'><strong>para·</strong></span> 
     </span>
     <span class='ocr_line' id='line_1_49' title="bbox 76 4388 833 4453; baseline 0.004 -16"><span class='ocrx_word' id='word_1_367' title='bbox 76 4388 370 4451; x_wconf 68' lang='lat' dir='ltr'><strong>sngammdurerrumm</strong></span> <span class='ocrx_word' id='word_1_368' title='bbox 379 4388 698 4453; x_wconf 74' lang='lat' dir='ltr'><strong>uigintiduerumemensus.</strong></span> <span class='ocrx_word' id='word_1_369' title='bbox 731 4390 833 4441; x_wconf 78' lang='lat' dir='ltr'><strong>Celaenis</strong></span> 
     </span>
     <span class='ocr_line' id='line_1_50' title="bbox 76 4458 831 4521; baseline 0 -12"><span class='ocrx_word' id='word_1_370' title='bbox 76 4459 201 4521; x_wconf 65' lang='lat' dir='ltr'><strong>mangis</strong></span> <span class='ocrx_word' id='word_1_371' title='bbox 213 4458 346 4520; x_wconf 76' lang='lat' dir='ltr'><strong>cleuetpa</strong></span> <span class='ocrx_word' id='word_1_372' title='bbox 365 4470 421 4507; x_wconf 87' lang='lat' dir='ltr'><strong>snas</strong></span> <span class='ocrx_word' id='word_1_373' title='bbox 433 4459 514 4520; x_wconf 82' lang='lat' dir='ltr'><strong>copias</strong></span> <span class='ocrx_word' id='word_1_374' title='bbox 532 4471 588 4507; x_wconf 90' lang='lat' dir='ltr'><strong>curn</strong></span> <span class='ocrx_word' id='word_1_375' title='bbox 607 4462 670 4520; x_wconf 89' lang='lat' dir='ltr'><strong>Cyro</strong></span> <span class='ocrx_word' id='word_1_376' title='bbox 692 4458 831 4509; x_wconf 84' lang='lat' dir='ltr'><strong>:eelebrent</strong></span> 
     </span>
    </p>

    <p class='ocr_par' dir='ltr' id='par_1_14' title="bbox 4 4520 832 4593">
     <span class='ocr_line' id='line_1_51' title="bbox 4 4520 832 4593; baseline -0.002 -14"><span class='ocrx_word' id='word_1_377' title='bbox 4 4520 5 4579; x_wconf 68' lang='grc' dir='ltr'>ἶ</span> <span class='ocrx_word' id='word_1_378' title='bbox 76 4528 171 4593; x_wconf 58' lang='lat' dir='ltr'><strong>lynces</strong></span> <span class='ocrx_word' id='word_1_379' title='bbox 180 4526 288 4578; x_wconf 63' lang='lat' dir='ltr'><strong>Andes</strong></span> <span class='ocrx_word' id='word_1_380' title='bbox 306 4526 379 4576; x_wconf 85' lang='lat' dir='ltr'><strong>Peltis</strong></span> <span class='ocrx_word' id='word_1_381' title='bbox 401 4541 407 4574; x_wconf 91' lang='lat'>:</span> <span class='ocrx_word' id='word_1_382' title='bbox 425 4530 477 4575; x_wconf 92' lang='lat' dir='ltr'><strong>tum</strong></span> <span class='ocrx_word' id='word_1_383' title='bbox 496 4527 593 4577; x_wconf 85' lang='lat' dir='ltr'><strong>advenit</strong></span> <span class='ocrx_word' id='word_1_384' title='bbox 613 4532 713 4591; x_wconf 78' lang='lat' dir='ltr'><strong>Epyara</strong></span> <span class='ocrx_word' id='word_1_385' title='bbox 731 4528 832 4578; x_wconf 88' lang='lat' dir='ltr'><strong>Cilicum</strong></span> 
     </span>
    </p>

    <p class='ocr_par' dir='ltr' id='par_1_15' title="bbox 4 4594 833 4661">
     <span class='ocr_line' id='line_1_52' title="bbox 4 4594 833 4661; baseline -0.001 -12"><span class='ocrx_word' id='word_1_386' title='bbox 4 4594 5 4619; x_wconf 67' lang='lat' dir='ltr'><strong>v</strong></span> <span class='ocrx_word' id='word_1_387' title='bbox 78 4601 169 4661; x_wconf 59' lang='lat' dir='ltr'><strong>regiam</strong></span> <span class='ocrx_word' id='word_1_388' title='bbox 189 4598 263 4659; x_wconf 77' lang='lat' dir='ltr'><strong>cujus</strong></span> <span class='ocrx_word' id='word_1_389' title='bbox 280 4598 378 4647; x_wconf 85' lang='lat' dir='ltr'><strong>hortatu</strong></span> <span class='ocrx_word' id='word_1_390' title='bbox 395 4598 426 4647; x_wconf 88' lang='lat' dir='ltr'><strong>acl</strong></span> <span class='ocrx_word' id='word_1_391' title='bbox 435 4598 557 4659; x_wconf 74' lang='lat' dir='ltr'><strong>Tyrinum</strong></span> <span class='ocrx_word' id='word_1_392' title='bbox 572 4598 705 4648; x_wconf 88' lang='lat' dir='ltr'><strong>instituitur</strong></span> <span class='ocrx_word' id='word_1_393' title='bbox 721 4600 833 4649; x_wconf 88' lang='lat' dir='ltr'><strong>decursio</strong></span> 
     </span>
    </p>

    <p class='ocr_par' dir='ltr' id='par_1_16' title="bbox 77 4666 832 4730">
     <span class='ocr_line' id='line_1_53' title="bbox 77 4666 832 4730; baseline 0.004 -15"><span class='ocrx_word' id='word_1_394' title='bbox 77 4671 211 4729; x_wconf 62' lang='lat' dir='ltr'><strong>ermenias,</strong></span> <span class='ocrx_word' id='word_1_395' title='bbox 224 4669 249 4717; x_wconf 90' lang='lat' dir='ltr'><strong>in</strong></span> <span class='ocrx_word' id='word_1_396' title='bbox 261 4681 309 4730; x_wconf 88' lang='lat' dir='ltr'><strong>qua</strong></span> <span class='ocrx_word' id='word_1_397' title='bbox 318 4666 425 4717; x_wconf 86' lang='lat' dir='ltr'><strong>barbaris</strong></span> <span class='ocrx_word' id='word_1_398' title='bbox 434 4672 549 4718; x_wconf 83' lang='lat' dir='ltr'><strong>terrorem</strong></span> <span class='ocrx_word' id='word_1_399' title='bbox 558 4668 701 4729; x_wconf 87' lang='lat' dir='ltr'><strong>jocularium</strong></span> <span class='ocrx_word' id='word_1_400' title='bbox 714 4668 832 4718; x_wconf 89' lang='lat' dir='ltr'><strong>incutiunt</strong></span> 
     </span>
    </p>

    <p class='ocr_par' dir='ltr' id='par_1_17' title="bbox 77 4737 832 5295">
     <span class='ocr_line' id='line_1_54' title="bbox 77 4737 831 4801; baseline -0.003 -10"><span class='ocrx_word' id='word_1_401' title='bbox 77 4737 154 4791; x_wconf 73' lang='lat' dir='ltr'><strong>meu</strong></span> <span class='ocrx_word' id='word_1_402' title='bbox 163 4754 174 4787; x_wconf 79' lang='lat' dir='ltr'><strong>r</strong></span> <span class='ocrx_word' id='word_1_403' title='bbox 183 4737 467 4787; x_wconf 79' lang='lat' dir='ltr'><strong>Danmdnonccidrmtm</strong></span> <span class='ocrx_word' id='word_1_404' title='bbox 476 4742 556 4787; x_wconf 83' lang='lat' dir='ltr'><strong>Persae</strong></span> <span class='ocrx_word' id='word_1_405' title='bbox 565 4738 648 4801; x_wconf 85' lang='lat' dir='ltr'><strong>periirli</strong></span> <span class='ocrx_word' id='word_1_406' title='bbox 662 4752 667 4785; x_wconf 93' lang='lat'>:</span> <span class='ocrx_word' id='word_1_407' title='bbox 681 4738 748 4787; x_wconf 85' lang='lat' dir='ltr'><strong>Tarsi</strong></span> <span class='ocrx_word' id='word_1_408' title='bbox 761 4743 831 4801; x_wconf 89' lang='lat' dir='ltr'><strong>syeu·</strong></span> 
     </span>
     <span class='ocr_line' id='line_1_55' title="bbox 78 4806 832 4871; baseline -0.004 -10"><span class='ocrx_word' id='word_1_409' title='bbox 78 4810 142 4861; x_wconf 69' lang='lat' dir='ltr'><strong>usis</strong></span> <span class='ocrx_word' id='word_1_410' title='bbox 152 4822 199 4857; x_wconf 78' lang='lat' dir='ltr'><strong>rex</strong></span> <span class='ocrx_word' id='word_1_411' title='bbox 216 4807 307 4857; x_wconf 73' lang='lat' dir='ltr'><strong>Ciliciae</strong></span> <span class='ocrx_word' id='word_1_412' title='bbox 320 4806 415 4858; x_wconf 85' lang='lat' dir='ltr'><strong>taudem</strong></span> <span class='ocrx_word' id='word_1_413' title='bbox 431 4807 597 4857; x_wconf 86' lang='lat' dir='ltr'><strong>reconciliatus</strong></span> <span class='ocrx_word' id='word_1_414' title='bbox 615 4812 706 4869; x_wconf 84' lang='lat' dir='ltr'><strong>Cyrum</strong></span> <span class='ocrx_word' id='word_1_415' title='bbox 725 4810 832 4871; x_wconf 87' lang='lat' dir='ltr'><strong>pecuniis</strong></span> 
     </span>
     <span class='ocr_line' id='line_1_56' title="bbox 79 4875 831 4939; baseline 0.001 -13"><span class='ocrx_word' id='word_1_416' title='bbox 79 4875 184 4939; x_wconf 73' lang='lat' dir='ltr'><strong>adiuvat.</strong></span> <span class='ocrx_word' id='word_1_417' title='bbox 197 4904 229 4912; x_wconf 92' lang='lat'><strong>—-</strong></span> <span class='ocrx_word' id='word_1_418' title='bbox 245 4880 304 4925; x_wconf 81' lang='lat' dir='ltr'><strong>Car.</strong></span> <span class='ocrx_word' id='word_1_419' title='bbox 323 4880 367 4926; x_wconf 90' lang='lat' dir='ltr'><strong>lll.</strong></span> <span class='ocrx_word' id='word_1_420' title='bbox 381 4876 449 4927; x_wconf 84' lang='lat' dir='ltr'><strong>Tarsi</strong></span> <span class='ocrx_word' id='word_1_421' title='bbox 467 4877 519 4928; x_wconf 88' lang='lat' dir='ltr'><strong>dies</strong></span> <span class='ocrx_word' id='word_1_422' title='bbox 536 4878 620 4939; x_wconf 85' lang='lat' dir='ltr'><strong>viginti</strong></span> <span class='ocrx_word' id='word_1_423' title='bbox 637 4878 723 4925; x_wconf 85' lang='lat' dir='ltr'><strong>morari</strong></span> <span class='ocrx_word' id='word_1_424' title='bbox 741 4880 831 4939; x_wconf 81' lang='lat' dir='ltr'><strong>Cynam</strong></span> 
     </span>
     <span class='ocr_line' id='line_1_57' title="bbox 79 4946 831 5010; baseline -0.004 -12"><span class='ocrx_word' id='word_1_425' title='bbox 79 4950 152 5010; x_wconf 48' lang='lat' dir='ltr'><strong>sumt</strong></span> <span class='ocrx_word' id='word_1_426' title='bbox 169 4952 311 4998; x_wconf 64' lang='lat' dir='ltr'><strong>Graecorum</strong></span> <span class='ocrx_word' id='word_1_427' title='bbox 328 4946 427 5007; x_wconf 86' lang='lat' dir='ltr'><strong>seditio,</strong></span> <span class='ocrx_word' id='word_1_428' title='bbox 446 4948 501 5009; x_wconf 89' lang='lat' dir='ltr'><strong>qui,</strong></span> <span class='ocrx_word' id='word_1_429' title='bbox 523 4946 636 5010; x_wconf 83' lang='lat' dir='ltr'><strong>srrspieati</strong></span> <span class='ocrx_word' id='word_1_430' title='bbox 656 4946 831 5009; x_wconf 82' lang='lat' dir='ltr'><strong>expeditionem</strong></span> 
     </span>
     <span class='ocr_line' id='line_1_58' title="bbox 78 5017 831 5080; baseline -0.001 -14"><span class='ocrx_word' id='word_1_431' title='bbox 78 5032 129 5067; x_wconf 84' lang='lat' dir='ltr'><strong>esse</strong></span> <span class='ocrx_word' id='word_1_432' title='bbox 140 5018 262 5067; x_wconf 63' lang='lat' dir='ltr'><strong>adrasus</strong></span> <span class='ocrx_word' id='word_1_433' title='bbox 278 5030 371 5079; x_wconf 68' lang='lat' dir='ltr'><strong>rugeam</strong></span> <span class='ocrx_word' id='word_1_434' title='bbox 382 5018 524 5067; x_wconf 80' lang='lat' dir='ltr'><strong>clearchum</strong></span> <span class='ocrx_word' id='word_1_435' title='bbox 536 5017 645 5080; x_wconf 79' lang='lat' dir='ltr'><strong>progredi</strong></span> <span class='ocrx_word' id='word_1_436' title='bbox 661 5022 784 5079; x_wconf 83' lang='lat' dir='ltr'><strong>cogentem</strong></span> <span class='ocrx_word' id='word_1_437' title='bbox 797 5018 831 5066; x_wconf 86' lang='lat' dir='ltr'><strong>le·</strong></span> 
     </span>
     <span class='ocr_line' id='line_1_59' title="bbox 79 5087 830 5151; baseline 0.001 -15"><span class='ocrx_word' id='word_1_438' title='bbox 79 5089 173 5151; x_wconf 85' lang='lat' dir='ltr'><strong>pidibos</strong></span> <span class='ocrx_word' id='word_1_439' title='bbox 186 5088 237 5137; x_wconf 86' lang='lat' dir='ltr'><strong>lere</strong></span> <span class='ocrx_word' id='word_1_440' title='bbox 250 5087 389 5136; x_wconf 90' lang='lat' dir='ltr'><strong>obruerunt.</strong></span> <span class='ocrx_word' id='word_1_441' title='bbox 423 5088 483 5147; x_wconf 89' lang='lat' dir='ltr'><strong>llio,</strong></span> <span class='ocrx_word' id='word_1_442' title='bbox 498 5087 556 5137; x_wconf 90' lang='lat' dir='ltr'><strong>dum</strong></span> <span class='ocrx_word' id='word_1_443' title='bbox 575 5088 639 5137; x_wconf 85' lang='lat' dir='ltr'><strong>cedit</strong></span> <span class='ocrx_word' id='word_1_444' title='bbox 655 5087 784 5149; x_wconf 88' lang='lat' dir='ltr'><strong>militibus,</strong></span> <span class='ocrx_word' id='word_1_445' title='bbox 801 5088 830 5137; x_wconf 91' lang='lat' dir='ltr'><strong>si-</strong></span> 
     </span>
     <span class='ocr_line' id='line_1_60' title="bbox 79 5158 829 5221; baseline -0.001 -14"><span class='ocrx_word' id='word_1_446' title='bbox 79 5159 203 5221; x_wconf 85' lang='lat' dir='ltr'><strong>mutatque</strong></span> <span class='ocrx_word' id='word_1_447' title='bbox 212 5170 240 5207; x_wconf 88' lang='lat' dir='ltr'><strong>se</strong></span> <span class='ocrx_word' id='word_1_448' title='bbox 250 5158 356 5219; x_wconf 85' lang='lat' dir='ltr'><strong>ipsomm</strong></span> <span class='ocrx_word' id='word_1_449' title='bbox 366 5158 508 5209; x_wconf 67' lang='lat' dir='ltr'><strong>senentiam</strong></span> <span class='ocrx_word' id='word_1_450' title='bbox 521 5162 660 5207; x_wconf 85' lang='lat' dir='ltr'><strong>secutmum</strong></span> <span class='ocrx_word' id='word_1_451' title='bbox 671 5170 739 5219; x_wconf 89' lang='lat' dir='ltr'><strong>esse,</strong></span> <span class='ocrx_word' id='word_1_452' title='bbox 750 5171 829 5207; x_wconf 86' lang='lat' dir='ltr'><strong>recon-</strong></span> 
     </span>
     <span class='ocr_line' id='line_1_61' title="bbox 79 5232 831 5295; baseline 0 -13"><span class='ocrx_word' id='word_1_453' title='bbox 79 5232 140 5282; x_wconf 79' lang='lat' dir='ltr'><strong>ciliat</strong></span> <span class='ocrx_word' id='word_1_454' title='bbox 150 5232 198 5282; x_wconf 88' lang='lat' dir='ltr'><strong>sibi</strong></span> <span class='ocrx_word' id='word_1_455' title='bbox 208 5232 313 5281; x_wconf 78' lang='lat' dir='ltr'><strong>militium</strong></span> <span class='ocrx_word' id='word_1_456' title='bbox 322 5232 430 5294; x_wconf 85' lang='lat' dir='ltr'><strong>animos;</strong></span> <span class='ocrx_word' id='word_1_457' title='bbox 441 5233 496 5295; x_wconf 91' lang='lat' dir='ltr'><strong>qui,</strong></span> <span class='ocrx_word' id='word_1_458' title='bbox 506 5233 600 5295; x_wconf 87' lang='lat' dir='ltr'><strong>cognita</strong></span> <span class='ocrx_word' id='word_1_459' title='bbox 607 5232 747 5283; x_wconf 69' lang='lat' dir='ltr'><strong>dificultate</strong></span> <span class='ocrx_word' id='word_1_460' title='bbox 756 5232 831 5282; x_wconf 88' lang='lat' dir='ltr'><strong>invite</strong></span> 
     </span>
    </p>

    <p class='ocr_par' dir='ltr' id='par_1_18' title="bbox 80 5302 830 5367">
     <span class='ocr_line' id='line_1_62' title="bbox 80 5302 830 5367; baseline 0 -15"><span class='ocrx_word' id='word_1_461' title='bbox 80 5306 139 5364; x_wconf 78' lang='lat' dir='ltr'><strong>Cyro</strong></span> <span class='ocrx_word' id='word_1_462' title='bbox 150 5303 254 5352; x_wconf 66' lang='lat' dir='ltr'><strong>mmmn</strong></span> <span class='ocrx_word' id='word_1_463' title='bbox 264 5302 417 5363; x_wconf 83' lang='lat' dir='ltr'><strong>discedendi,</strong></span> <span class='ocrx_word' id='word_1_464' title='bbox 428 5302 569 5353; x_wconf 82' lang='lat' dir='ltr'><strong>Clearuhum</strong></span> <span class='ocrx_word' id='word_1_465' title='bbox 581 5302 688 5367; x_wconf 85' lang='lat' dir='ltr'><strong>olioscpre</strong></span> <span class='ocrx_word' id='word_1_466' title='bbox 704 5302 830 5352; x_wconf 86' lang='lat' dir='ltr'><strong>normullos</strong></span> 
     </span>
    </p>

    <p class='ocr_par' dir='ltr' id='par_1_19' title="bbox 155 5390 296 5432">
     <span class='ocr_line' id='line_1_63' title="bbox 155 5390 296 5432; baseline -0.007 -5"><span class='ocrx_word' id='word_1_467' title='bbox 155 5390 296 5432; x_wconf 72' lang='lat' dir='ltr'><strong>morans.</strong></span> 
     </span>
    </p>
   </div>
   <div class='ocr_carea' id='block_1_14' title="bbox 912 655 1663 725">
    <p class='ocr_par' dir='ltr' id='par_1_20' title="bbox 912 655 1663 725">
     <span class='ocr_line' id='line_1_64' title="bbox 912 655 1663 725; baseline 0.011 -21"><span class='ocrx_word' id='word_1_468' title='bbox 912 655 1025 718; x_wconf 82' lang='lat' dir='ltr'><strong>mittum,</strong></span> <span class='ocrx_word' id='word_1_469' title='bbox 1043 659 1084 720; x_wconf 90' lang='lat' dir='ltr'><strong>qni</strong></span> <span class='ocrx_word' id='word_1_470' title='bbox 1100 658 1131 708; x_wconf 88' lang='lat' dir='ltr'><strong>de</strong></span> <span class='ocrx_word' id='word_1_471' title='bbox 1142 659 1241 709; x_wconf 83' lang='lat' dir='ltr'><strong>consido</strong></span> <span class='ocrx_word' id='word_1_472' title='bbox 1259 659 1331 721; x_wconf 77' lang='lat' dir='ltr'><strong>huius</strong></span> <span class='ocrx_word' id='word_1_473' title='bbox 1344 659 1503 722; x_wconf 80' lang='lat' dir='ltr'><strong>eapeditionls</strong></span> <span class='ocrx_word' id='word_1_474' title='bbox 1519 661 1663 725; x_wconf 82' lang='lat' dir='ltr'><strong>interrogent</strong></span> 
     </span>
    </p>
   </div>
   <div class='ocr_carea' id='block_1_15' title="bbox 893 728 1662 794">
    <p class='ocr_par' dir='ltr' id='par_1_21' title="bbox 893 728 1662 794">
     <span class='ocr_line' id='line_1_65' title="bbox 893 728 1662 794; baseline 0.012 -21"><span class='ocrx_word' id='word_1_475' title='bbox 893 728 1011 786; x_wconf 89' lang='lat' dir='ltr'><strong>·cyrum.</strong></span> <span class='ocrx_word' id='word_1_476' title='bbox 1043 729 1101 788; x_wconf 90' lang='lat' dir='ltr'><strong>ilie,</strong></span> <span class='ocrx_word' id='word_1_477' title='bbox 1113 743 1139 778; x_wconf 92' lang='lat' dir='ltr'><strong>re</strong></span> <span class='ocrx_word' id='word_1_478' title='bbox 1157 743 1212 778; x_wconf 86' lang='lat' dir='ltr'><strong>vera</strong></span> <span class='ocrx_word' id='word_1_479' title='bbox 1229 731 1391 790; x_wconf 82' lang='lat' dir='ltr'><strong>dissimulata,</strong></span> <span class='ocrx_word' id='word_1_480' title='bbox 1412 745 1468 780; x_wconf 88' lang='lat' dir='ltr'><strong>curn</strong></span> <span class='ocrx_word' id='word_1_481' title='bbox 1487 733 1662 794; x_wconf 86' lang='lat' dir='ltr'><strong>respondisset,</strong></span> 
     </span>
    </p>
   </div>
   <div class='ocr_carea' id='block_1_16' title="bbox 909 800 1663 2414">
    <p class='ocr_par' dir='ltr' id='par_1_22' title="bbox 909 800 1663 2414">
     <span class='ocr_line' id='line_1_66' title="bbox 914 800 1663 866; baseline 0.013 -23"><span class='ocrx_word' id='word_1_482' title='bbox 914 808 941 844; x_wconf 91' lang='lat' dir='ltr'><strong>se</strong></span> <span class='ocrx_word' id='word_1_483' title='bbox 958 803 1041 846; x_wconf 87' lang='lat' dir='ltr'><strong>contra</strong></span> <span class='ocrx_word' id='word_1_484' title='bbox 1059 800 1215 849; x_wconf 80' lang='lat' dir='ltr'><strong>Abrommanr</strong></span> <span class='ocrx_word' id='word_1_485' title='bbox 1232 801 1351 863; x_wconf 87' lang='lat' dir='ltr'><strong>quendam</strong></span> <span class='ocrx_word' id='word_1_486' title='bbox 1372 803 1460 852; x_wconf 84' lang='lat' dir='ltr'><strong>ducere</strong></span> <span class='ocrx_word' id='word_1_487' title='bbox 1482 818 1488 850; x_wconf 78' lang='grc' dir='ltr'>ε</span> <span class='ocrx_word' id='word_1_488' title='bbox 1506 804 1598 862; x_wconf 78' lang='lat' dir='ltr'><strong>Graeci,</strong></span> <span class='ocrx_word' id='word_1_489' title='bbox 1620 817 1663 866; x_wconf 89' lang='lat' dir='ltr'><strong>spe</strong></span> 
     </span>
     <span class='ocr_line' id='line_1_67' title="bbox 914 865 1663 933; baseline 0.015 -20"><span class='ocrx_word' id='word_1_490' title='bbox 914 865 1025 928; x_wconf 87' lang='lat' dir='ltr'><strong>stipendii</strong></span> <span class='ocrx_word' id='word_1_491' title='bbox 1041 869 1141 930; x_wconf 83' lang='lat' dir='ltr'><strong>augendi</strong></span> <span class='ocrx_word' id='word_1_492' title='bbox 1161 870 1207 918; x_wconf 90' lang='lat' dir='ltr'><strong>sibi</strong></span> <span class='ocrx_word' id='word_1_493' title='bbox 1227 870 1302 931; x_wconf 76' lang='lat' dir='ltr'><strong>laem,</strong></span> <span class='ocrx_word' id='word_1_494' title='bbox 1325 871 1349 920; x_wconf 91' lang='lat' dir='ltr'><strong>in</strong></span> <span class='ocrx_word' id='word_1_495' title='bbox 1366 873 1468 933; x_wconf 60' lang='lat' dir='ltr'><strong>mam</strong></span> <span class='ocrx_word' id='word_1_496' title='bbox 1489 874 1590 923; x_wconf 85' lang='lat' dir='ltr'><strong>redeunt</strong></span> <span class='ocrx_word' id='word_1_497' title='bbox 1607 887 1663 924; x_wconf 87' lang='lat' dir='ltr'><strong>cunr</strong></span> 
     </span>
     <span class='ocr_line' id='line_1_68' title="bbox 915 939 1663 1005; baseline 0.011 -20"><span class='ocrx_word' id='word_1_498' title='bbox 915 939 987 997; x_wconf 89' lang='lat' dir='ltr'><strong>cyro.</strong></span> <span class='ocrx_word' id='word_1_499' title='bbox 1007 966 1038 974; x_wconf 97' lang='lat'><strong>—</strong></span> <span class='ocrx_word' id='word_1_500' title='bbox 1049 941 1107 989; x_wconf 81' lang='lat' dir='ltr'><strong>Car.</strong></span> <span class='ocrx_word' id='word_1_501' title='bbox 1125 944 1166 989; x_wconf 84' lang='lat' dir='ltr'><strong>lv.</strong></span> <span class='ocrx_word' id='word_1_502' title='bbox 1185 941 1243 990; x_wconf 89' lang='lat' dir='ltr'><strong>inde</strong></span> <span class='ocrx_word' id='word_1_503' title='bbox 1259 945 1335 1002; x_wconf 88' lang='lat' dir='ltr'><strong>Cyrus</strong></span> <span class='ocrx_word' id='word_1_504' title='bbox 1352 943 1509 1005; x_wconf 87' lang='lat' dir='ltr'><strong>proticiscitur</strong></span> <span class='ocrx_word' id='word_1_505' title='bbox 1524 947 1603 1004; x_wconf 86' lang='lat' dir='ltr'><strong>lsaos;</strong></span> <span class='ocrx_word' id='word_1_506' title='bbox 1621 945 1663 994; x_wconf 92' lang='lat' dir='ltr'><strong>ubi</strong></span> 
     </span>
     <span class='ocr_line' id='line_1_69' title="bbox 913 1009 1662 1077; baseline 0.009 -20"><span class='ocrx_word' id='word_1_507' title='bbox 913 1009 984 1058; x_wconf 80' lang='lat' dir='ltr'><strong>sunul</strong></span> <span class='ocrx_word' id='word_1_508' title='bbox 1003 1011 1101 1072; x_wconf 87' lang='lat' dir='ltr'><strong>appellit</strong></span> <span class='ocrx_word' id='word_1_509' title='bbox 1121 1012 1205 1060; x_wconf 86' lang='lat' dir='ltr'><strong>elassis</strong></span> <span class='ocrx_word' id='word_1_510' title='bbox 1228 1014 1285 1073; x_wconf 83' lang='lat' dir='ltr'><strong>Cyri</strong></span> <span class='ocrx_word' id='word_1_511' title='bbox 1308 1014 1589 1077; x_wconf 77' lang='lat' dir='ltr'><strong>laoedaenmniommque</strong></span> <span class='ocrx_word' id='word_1_512' title='bbox 1607 1029 1662 1064; x_wconf 85' lang='lat' dir='ltr'><strong>oum</strong></span> 
     </span>
     <span class='ocr_line' id='line_1_70' title="bbox 913 1080 1662 1146; baseline 0.008 -19"><span class='ocrx_word' id='word_1_513' title='bbox 913 1080 1069 1140; x_wconf 81' lang='lat' dir='ltr'><strong>septingentis</strong></span> <span class='ocrx_word' id='word_1_514' title='bbox 1084 1081 1272 1130; x_wconf 67' lang='lat' dir='ltr'><strong>lacedemoniis</strong></span> <span class='ocrx_word' id='word_1_515' title='bbox 1287 1083 1349 1133; x_wconf 90' lang='lat' dir='ltr'><strong>duce</strong></span> <span class='ocrx_word' id='word_1_516' title='bbox 1358 1084 1515 1146; x_wconf 83' lang='lat' dir='ltr'><strong>Chirlsoplro,</strong></span> <span class='ocrx_word' id='word_1_517' title='bbox 1531 1089 1557 1132; x_wconf 90' lang='lat' dir='ltr'><strong>et</strong></span> <span class='ocrx_word' id='word_1_518' title='bbox 1568 1084 1599 1132; x_wconf 87' lang='lat' dir='ltr'><strong>acl</strong></span> <span class='ocrx_word' id='word_1_519' title='bbox 1617 1088 1662 1146; x_wconf 91' lang='lat' dir='ltr'><strong>Cy-</strong></span> 
     </span>
     <span class='ocr_line' id='line_1_71' title="bbox 913 1150 1662 1216; baseline 0.009 -19"><span class='ocrx_word' id='word_1_520' title='bbox 913 1163 967 1198; x_wconf 86' lang='lat' dir='ltr'><strong>rum</strong></span> <span class='ocrx_word' id='word_1_521' title='bbox 976 1150 1209 1214; x_wconf 85' lang='lat' dir='ltr'><strong>adreniuntquoqne</strong></span> <span class='ocrx_word' id='word_1_522' title='bbox 1219 1153 1385 1216; x_wconf 75' lang='lat' dir='ltr'><strong>quadringenti</strong></span> <span class='ocrx_word' id='word_1_523' title='bbox 1395 1155 1473 1204; x_wconf 83' lang='lat' dir='ltr'><strong>Graeci</strong></span> <span class='ocrx_word' id='word_1_524' title='bbox 1480 1189 1488 1214; x_wconf 93' lang='lat'><strong>,</strong></span> <span class='ocrx_word' id='word_1_525' title='bbox 1496 1154 1539 1216; x_wconf 88' lang='lat' dir='ltr'><strong>qui</strong></span> <span class='ocrx_word' id='word_1_526' title='bbox 1549 1155 1581 1204; x_wconf 86' lang='lat' dir='ltr'><strong>ab</strong></span> <span class='ocrx_word' id='word_1_527' title='bbox 1589 1155 1662 1204; x_wconf 81' lang='lat' dir='ltr'><strong>Abro-</strong></span> 
     </span>
     <span class='ocr_line' id='line_1_72' title="bbox 912 1221 1662 1286; baseline 0.008 -18"><span class='ocrx_word' id='word_1_528' title='bbox 912 1233 981 1268; x_wconf 89' lang='lat' dir='ltr'><strong>coma</strong></span> <span class='ocrx_word' id='word_1_529' title='bbox 996 1221 1139 1270; x_wconf 82' lang='lat' dir='ltr'><strong>deiecerant</strong></span> <span class='ocrx_word' id='word_1_530' title='bbox 1171 1223 1233 1272; x_wconf 80' lang='lat' dir='ltr'><strong>ltine</strong></span> <span class='ocrx_word' id='word_1_531' title='bbox 1248 1227 1367 1286; x_wconf 89' lang='lat' dir='ltr'><strong>superatis</strong></span> <span class='ocrx_word' id='word_1_532' title='bbox 1379 1225 1446 1274; x_wconf 84' lang='lat' dir='ltr'><strong>tacite</strong></span> <span class='ocrx_word' id='word_1_533' title='bbox 1457 1230 1481 1274; x_wconf 85' lang='lat' dir='ltr'><strong>et</strong></span> <span class='ocrx_word' id='word_1_534' title='bbox 1493 1226 1544 1274; x_wconf 89' lang='lat' dir='ltr'><strong>sine</strong></span> <span class='ocrx_word' id='word_1_535' title='bbox 1559 1225 1609 1279; x_wconf 86' lang='lat' dir='ltr'><strong>ullo</strong></span> <span class='ocrx_word' id='word_1_536' title='bbox 1620 1225 1662 1274; x_wconf 92' lang='lat' dir='ltr'><strong>im·</strong></span> 
     </span>
     <span class='ocr_line' id='line_1_73' title="bbox 911 1290 1663 1357; baseline 0.009 -19"><span class='ocrx_word' id='word_1_537' title='bbox 911 1290 1049 1351; x_wconf 89' lang='lat' dir='ltr'><strong>pedimento</strong></span> <span class='ocrx_word' id='word_1_538' title='bbox 1074 1292 1163 1342; x_wconf 77' lang='lat' dir='ltr'><strong>Ciliciae</strong></span> <span class='ocrx_word' id='word_1_539' title='bbox 1189 1293 1311 1354; x_wconf 77' lang='lat' dir='ltr'><strong>syrinqm</strong></span> <span class='ocrx_word' id='word_1_540' title='bbox 1332 1294 1420 1357; x_wconf 91' lang='lat' dir='ltr'><strong>portis,</strong></span> <span class='ocrx_word' id='word_1_541' title='bbox 1434 1307 1496 1356; x_wconf 90' lang='lat' dir='ltr'><strong>quas</strong></span> <span class='ocrx_word' id='word_1_542' title='bbox 1518 1295 1663 1344; x_wconf 77' lang='lat' dir='ltr'><strong>Abrocomas</strong></span> 
     </span>
     <span class='ocr_line' id='line_1_74' title="bbox 911 1359 1663 1427; baseline 0.008 -19"><span class='ocrx_word' id='word_1_543' title='bbox 911 1359 1062 1421; x_wconf 88' lang='lat' dir='ltr'><strong>desemerat,</strong></span> <span class='ocrx_word' id='word_1_544' title='bbox 1086 1377 1128 1424; x_wconf 92' lang='lat' dir='ltr'><strong>per</strong></span> <span class='ocrx_word' id='word_1_545' title='bbox 1147 1363 1239 1424; x_wconf 86' lang='lat' dir='ltr'><strong>syriam</strong></span> <span class='ocrx_word' id='word_1_546' title='bbox 1255 1365 1300 1412; x_wconf 87' lang='lat' dir='ltr'><strong>iter</strong></span> <span class='ocrx_word' id='word_1_547' title='bbox 1316 1365 1373 1413; x_wconf 86' lang='lat' dir='ltr'><strong>iacit</strong></span> <span class='ocrx_word' id='word_1_548' title='bbox 1394 1369 1473 1426; x_wconf 85' lang='lat' dir='ltr'><strong>Cyme</strong></span> <span class='ocrx_word' id='word_1_549' title='bbox 1490 1370 1514 1414; x_wconf 89' lang='lat' dir='ltr'><strong>et</strong></span> <span class='ocrx_word' id='word_1_550' title='bbox 1536 1366 1602 1414; x_wconf 88' lang='lat' dir='ltr'><strong>venit</strong></span> <span class='ocrx_word' id='word_1_551' title='bbox 1614 1369 1663 1427; x_wconf 84' lang='lat' dir='ltr'><strong>lily·</strong></span> 
     </span>
     <span class='ocr_line' id='line_1_75' title="bbox 912 1431 1661 1493; baseline 0.007 -13"><span class='ocrx_word' id='word_1_552' title='bbox 912 1431 1049 1492; x_wconf 77' lang='lat' dir='ltr'><strong>daudrum5</strong></span> <span class='ocrx_word' id='word_1_553' title='bbox 1060 1433 1100 1482; x_wconf 88' lang='lat' dir='ltr'><strong>ubi</strong></span> <span class='ocrx_word' id='word_1_554' title='bbox 1111 1435 1198 1482; x_wconf 81' lang='lat' dir='ltr'><strong>lteuias</strong></span> <span class='ocrx_word' id='word_1_555' title='bbox 1208 1438 1233 1482; x_wconf 92' lang='lat' dir='ltr'><strong>et</strong></span> <span class='ocrx_word' id='word_1_556' title='bbox 1244 1434 1327 1493; x_wconf 68' lang='lat' dir='ltr'><strong>vasio,</strong></span> <span class='ocrx_word' id='word_1_557' title='bbox 1343 1435 1447 1484; x_wconf 87' lang='lat' dir='ltr'><strong>naribus</strong></span> <span class='ocrx_word' id='word_1_558' title='bbox 1457 1435 1595 1484; x_wconf 86' lang='lat' dir='ltr'><strong>clanculum</strong></span> <span class='ocrx_word' id='word_1_559' title='bbox 1606 1446 1661 1484; x_wconf 90' lang='lat' dir='ltr'><strong>con·</strong></span> 
     </span>
     <span class='ocr_line' id='line_1_76' title="bbox 911 1503 1663 1568; baseline 0.008 -20"><span class='ocrx_word' id='word_1_560' title='bbox 911 1503 1017 1562; x_wconf 87' lang='lat' dir='ltr'><strong>scensis,</strong></span> <span class='ocrx_word' id='word_1_561' title='bbox 1039 1507 1102 1564; x_wconf 88' lang='lat' dir='ltr'><strong>Cyro</strong></span> <span class='ocrx_word' id='word_1_562' title='bbox 1121 1504 1217 1553; x_wconf 86' lang='lat' dir='ltr'><strong>deserto</strong></span> <span class='ocrx_word' id='word_1_563' title='bbox 1237 1505 1337 1554; x_wconf 92' lang='lat' dir='ltr'><strong>domum</strong></span> <span class='ocrx_word' id='word_1_564' title='bbox 1358 1510 1511 1554; x_wconf 86' lang='lat' dir='ltr'><strong>revertuntur</strong></span> <span class='ocrx_word' id='word_1_565' title='bbox 1530 1521 1536 1552; x_wconf 90' lang='lat'>:</span> <span class='ocrx_word' id='word_1_566' title='bbox 1558 1519 1663 1568; x_wconf 88' lang='lat' dir='ltr'><strong>quorum</strong></span> 
     </span>
     <span class='ocr_line' id='line_1_77' title="bbox 911 1570 1663 1637; baseline 0.005 -17"><span class='ocrx_word' id='word_1_567' title='bbox 911 1570 1047 1622; x_wconf 69' lang='lat' dir='ltr'><strong>dimossm</strong></span> <span class='ocrx_word' id='word_1_568' title='bbox 1056 1578 1134 1636; x_wconf 88' lang='lat' dir='ltr'><strong>cyrus</strong></span> <span class='ocrx_word' id='word_1_569' title='bbox 1147 1587 1218 1637; x_wconf 79' lang='lat' dir='ltr'><strong>reque</strong></span> <span class='ocrx_word' id='word_1_570' title='bbox 1228 1575 1308 1624; x_wconf 82' lang='lat' dir='ltr'><strong>mimo</strong></span> <span class='ocrx_word' id='word_1_571' title='bbox 1320 1575 1380 1624; x_wconf 84' lang='lat' dir='ltr'><strong>terre</strong></span> <span class='ocrx_word' id='word_1_572' title='bbox 1391 1576 1494 1626; x_wconf 88' lang='lat' dir='ltr'><strong>videtur.</strong></span> <span class='ocrx_word' id='word_1_573' title='bbox 1526 1576 1585 1626; x_wconf 85' lang='lat' dir='ltr'><strong>inde</strong></span> <span class='ocrx_word' id='word_1_574' title='bbox 1593 1576 1663 1636; x_wconf 80' lang='lat' dir='ltr'><strong>truie·</strong></span> 
     </span>
     <span class='ocr_line' id='line_1_78' title="bbox 911 1644 1662 1708; baseline 0.005 -18"><span class='ocrx_word' id='word_1_575' title='bbox 911 1645 951 1690; x_wconf 89' lang='lat' dir='ltr'><strong>oto</strong></span> <span class='ocrx_word' id='word_1_576' title='bbox 966 1644 1041 1692; x_wconf 86' lang='lat' dir='ltr'><strong>Cbalo</strong></span> <span class='ocrx_word' id='word_1_577' title='bbox 1056 1648 1135 1694; x_wconf 78' lang='lat' dir='ltr'><strong>castra</strong></span> <span class='ocrx_word' id='word_1_578' title='bbox 1152 1649 1256 1694; x_wconf 87' lang='lat' dir='ltr'><strong>metatur</strong></span> <span class='ocrx_word' id='word_1_579' title='bbox 1267 1645 1293 1694; x_wconf 92' lang='lat' dir='ltr'><strong>in</strong></span> <span class='ocrx_word' id='word_1_580' title='bbox 1311 1646 1370 1695; x_wconf 88' lang='lat' dir='ltr'><strong>vicis</strong></span> <span class='ocrx_word' id='word_1_581' title='bbox 1388 1647 1554 1708; x_wconf 70' lang='lat' dir='ltr'><strong>parysatidis:</strong></span> <span class='ocrx_word' id='word_1_582' title='bbox 1571 1647 1613 1696; x_wconf 91' lang='lat' dir='ltr'><strong>ubi</strong></span> <span class='ocrx_word' id='word_1_583' title='bbox 1630 1647 1662 1696; x_wconf 91' lang='lat' dir='ltr'><strong>ad</strong></span> 
     </span>
     <span class='ocr_line' id='line_1_79' title="bbox 912 1713 1662 1779; baseline 0.001 -16"><span class='ocrx_word' id='word_1_584' title='bbox 912 1713 989 1764; x_wconf 87' lang='lat' dir='ltr'><strong>iontes</strong></span> <span class='ocrx_word' id='word_1_585' title='bbox 1002 1716 1117 1764; x_wconf 70' lang='lat' dir='ltr'><strong>[iudaeis</strong></span> <span class='ocrx_word' id='word_1_586' title='bbox 1128 1718 1207 1776; x_wconf 89' lang='lat' dir='ltr'><strong>venit,</strong></span> <span class='ocrx_word' id='word_1_587' title='bbox 1224 1717 1364 1779; x_wconf 83' lang='lat' dir='ltr'><strong>proeton&#39;um</strong></span> <span class='ocrx_word' id='word_1_588' title='bbox 1382 1721 1406 1766; x_wconf 88' lang='lat' dir='ltr'><strong>et</strong></span> <span class='ocrx_word' id='word_1_589' title='bbox 1417 1719 1555 1779; x_wconf 81' lang='lat' dir='ltr'><strong>paradisum</strong></span> <span class='ocrx_word' id='word_1_590' title='bbox 1572 1719 1662 1769; x_wconf 87' lang='lat' dir='ltr'><strong>Belesis</strong></span> 
     </span>
     <span class='ocr_line' id='line_1_80' title="bbox 911 1785 1661 1851; baseline 0.008 -18"><span class='ocrx_word' id='word_1_591' title='bbox 911 1785 987 1846; x_wconf 81' lang='lat' dir='ltr'><strong>Syriae</strong></span> <span class='ocrx_word' id='word_1_592' title='bbox 999 1791 1101 1848; x_wconf 78' lang='lat' dir='ltr'><strong>satrape</strong></span> <span class='ocrx_word' id='word_1_593' title='bbox 1120 1787 1238 1836; x_wconf 85' lang='lat' dir='ltr'><strong>devastat.</strong></span> <span class='ocrx_word' id='word_1_594' title='bbox 1271 1787 1330 1837; x_wconf 87' lang='lat' dir='ltr'><strong>inde</strong></span> <span class='ocrx_word' id='word_1_595' title='bbox 1341 1801 1397 1834; x_wconf 85' lang='lat' dir='ltr'><strong>cum</strong></span> <span class='ocrx_word' id='word_1_596' title='bbox 1415 1789 1568 1851; x_wconf 85' lang='lat' dir='ltr'><strong>Thapsacmn</strong></span> <span class='ocrx_word' id='word_1_597' title='bbox 1584 1795 1610 1839; x_wconf 89' lang='lat' dir='ltr'><strong>et</strong></span> <span class='ocrx_word' id='word_1_598' title='bbox 1630 1791 1661 1839; x_wconf 89' lang='lat' dir='ltr'><strong>ad</strong></span> 
     </span>
     <span class='ocr_line' id='line_1_81' title="bbox 910 1856 1662 1922; baseline 0.008 -19"><span class='ocrx_word' id='word_1_599' title='bbox 910 1856 1058 1917; x_wconf 85' lang='lat' dir='ltr'><strong>Eupluatem</strong></span> <span class='ocrx_word' id='word_1_600' title='bbox 1071 1857 1188 1916; x_wconf 77' lang='lat' dir='ltr'><strong>venhset3</strong></span> <span class='ocrx_word' id='word_1_601' title='bbox 1206 1870 1258 1906; x_wconf 77' lang='lat' dir='ltr'><strong>sure</strong></span> <span class='ocrx_word' id='word_1_602' title='bbox 1269 1857 1429 1919; x_wconf 79' lang='lat' dir='ltr'><strong>expeditionis</strong></span> <span class='ocrx_word' id='word_1_603' title='bbox 1446 1859 1573 1908; x_wconf 87' lang='lat' dir='ltr'><strong>consilium</strong></span> <span class='ocrx_word' id='word_1_604' title='bbox 1584 1862 1662 1922; x_wconf 88' lang='lat' dir='ltr'><strong>open&#39;t</strong></span> 
     </span>
     <span class='ocr_line' id='line_1_82' title="bbox 914 1927 1661 1991; baseline 0.005 -15"><span class='ocrx_word' id='word_1_605' title='bbox 914 1927 1020 1989; x_wconf 77' lang='lat' dir='ltr'><strong>Graecis,</strong></span> <span class='ocrx_word' id='word_1_606' title='bbox 1031 1928 1074 1989; x_wconf 92' lang='lat' dir='ltr'><strong>qui</strong></span> <span class='ocrx_word' id='word_1_607' title='bbox 1084 1928 1137 1987; x_wconf 85' lang='lat' dir='ltr'><strong>ejus</strong></span> <span class='ocrx_word' id='word_1_608' title='bbox 1148 1927 1274 1990; x_wconf 89' lang='lat' dir='ltr'><strong>promissis</strong></span> <span class='ocrx_word' id='word_1_609' title='bbox 1289 1928 1386 1978; x_wconf 66' lang='lat' dir='ltr'><strong>excitati</strong></span> <span class='ocrx_word' id='word_1_610' title='bbox 1402 1929 1499 1978; x_wconf 84' lang='lat' dir='ltr'><strong>tandem</strong></span> <span class='ocrx_word' id='word_1_611' title='bbox 1514 1929 1661 1991; x_wconf 77' lang='lat' dir='ltr'><strong>Euphratem</strong></span> 
     </span>
     <span class='ocr_line' id='line_1_83' title="bbox 911 1995 1662 2062; baseline 0.007 -18"><span class='ocrx_word' id='word_1_612' title='bbox 911 1995 1044 2057; x_wconf 83' lang='lat' dir='ltr'><strong>trajiciunt,</strong></span> <span class='ocrx_word' id='word_1_613' title='bbox 1062 1996 1130 2046; x_wconf 91' lang='lat' dir='ltr'><strong>initio</strong></span> <span class='ocrx_word' id='word_1_614' title='bbox 1148 1998 1210 2046; x_wconf 87' lang='lat' dir='ltr'><strong>lucto</strong></span> <span class='ocrx_word' id='word_1_615' title='bbox 1221 2011 1236 2046; x_wconf 88' lang='lat' dir='ltr'><strong>a</strong></span> <span class='ocrx_word' id='word_1_616' title='bbox 1246 2001 1356 2047; x_wconf 85' lang='lat' dir='ltr'><strong>Menone.</strong></span> <span class='ocrx_word' id='word_1_617' title='bbox 1372 2022 1405 2034; x_wconf 82' lang='lat'>-</span> <span class='ocrx_word' id='word_1_618' title='bbox 1417 2001 1475 2048; x_wconf 82' lang='lat' dir='ltr'><strong>Cra.</strong></span> <span class='ocrx_word' id='word_1_619' title='bbox 1488 1998 1519 2047; x_wconf 85' lang='lat' dir='ltr'><strong>V.</strong></span> <span class='ocrx_word' id='word_1_620' title='bbox 1539 2001 1601 2048; x_wconf 91' lang='lat' dir='ltr'><strong>Tum</strong></span> <span class='ocrx_word' id='word_1_621' title='bbox 1619 2011 1662 2062; x_wconf 86' lang='lat' dir='ltr'><strong>pec</strong></span> 
     </span>
     <span class='ocr_line' id='line_1_84' title="bbox 910 2067 1661 2131; baseline 0.005 -15"><span class='ocrx_word' id='word_1_622' title='bbox 910 2068 1091 2130; x_wconf 74' lang='lat' dir='ltr'><strong>uempoumie</strong></span> <span class='ocrx_word' id='word_1_623' title='bbox 1103 2067 1215 2118; x_wconf 78' lang='lat' dir='ltr'><strong>ambiam</strong></span> <span class='ocrx_word' id='word_1_624' title='bbox 1237 2068 1307 2129; x_wconf 80' lang='lat' dir='ltr'><strong>juxta</strong></span> <span class='ocrx_word' id='word_1_625' title='bbox 1322 2068 1470 2130; x_wconf 80' lang='lat' dir='ltr'><strong>Enphmtem</strong></span> <span class='ocrx_word' id='word_1_626' title='bbox 1495 2073 1585 2131; x_wconf 84' lang='lat' dir='ltr'><strong>quanta</strong></span> <span class='ocrx_word' id='word_1_627' title='bbox 1604 2083 1661 2120; x_wconf 90' lang='lat' dir='ltr'><strong>cum</strong></span> 
     </span>
     <span class='ocr_line' id='line_1_85' title="bbox 911 2138 1661 2202; baseline 0.008 -16"><span class='ocrx_word' id='word_1_628' title='bbox 911 2138 1032 2187; x_wconf 85' lang='lat' dir='ltr'><strong>celeritate</strong></span> <span class='ocrx_word' id='word_1_629' title='bbox 1042 2143 1147 2202; x_wconf 90' lang='lat' dir='ltr'><strong>poterat,</strong></span> <span class='ocrx_word' id='word_1_630' title='bbox 1166 2139 1212 2188; x_wconf 90' lang='lat' dir='ltr'><strong>iter</strong></span> <span class='ocrx_word' id='word_1_631' title='bbox 1221 2139 1289 2199; x_wconf 83' lang='lat' dir='ltr'><strong>iacit,</strong></span> <span class='ocrx_word' id='word_1_632' title='bbox 1308 2152 1374 2201; x_wconf 76' lang='lat' dir='ltr'><strong>saepe</strong></span> <span class='ocrx_word' id='word_1_633' title='bbox 1385 2153 1434 2188; x_wconf 91' lang='lat' dir='ltr'><strong>non</strong></span> <span class='ocrx_word' id='word_1_634' title='bbox 1451 2141 1504 2189; x_wconf 88' lang='lat' dir='ltr'><strong>sine</strong></span> <span class='ocrx_word' id='word_1_635' title='bbox 1517 2153 1603 2202; x_wconf 86' lang='lat' dir='ltr'><strong>magna</strong></span> <span class='ocrx_word' id='word_1_636' title='bbox 1613 2142 1661 2192; x_wconf 75' lang='lat' dir='ltr'><strong>viae</strong></span> 
     </span>
     <span class='ocr_line' id='line_1_86' title="bbox 909 2206 1659 2273; baseline 0.008 -18"><span class='ocrx_word' id='word_1_637' title='bbox 909 2206 1078 2258; x_wconf 84' lang='lat' dir='ltr'><strong>difficultateet</strong></span> <span class='ocrx_word' id='word_1_638' title='bbox 1084 2211 1248 2272; x_wconf 89' lang='lat' dir='ltr'><strong>jumentorum</strong></span> <span class='ocrx_word' id='word_1_639' title='bbox 1255 2209 1455 2272; x_wconf 74' lang='lat' dir='ltr'><strong>smgeohpahnlt</strong></span> <span class='ocrx_word' id='word_1_640' title='bbox 1466 2210 1580 2273; x_wconf 89' lang='lat' dir='ltr'><strong>inopiam.</strong></span> <span class='ocrx_word' id='word_1_641' title='bbox 1598 2215 1659 2261; x_wconf 86' lang='lat' dir='ltr'><strong>Tan·</strong></span> 
     </span>
     <span class='ocr_line' id='line_1_87' title="bbox 910 2277 1662 2341; baseline 0.008 -15"><span class='ocrx_word' id='word_1_642' title='bbox 910 2277 966 2327; x_wconf 89' lang='lat' dir='ltr'><strong>dem</strong></span> <span class='ocrx_word' id='word_1_643' title='bbox 982 2293 1037 2328; x_wconf 88' lang='lat' dir='ltr'><strong>eum</strong></span> <span class='ocrx_word' id='word_1_644' title='bbox 1053 2293 1067 2328; x_wconf 90' lang='lat' dir='ltr'><strong>e</strong></span> <span class='ocrx_word' id='word_1_645' title='bbox 1082 2281 1178 2341; x_wconf 76' lang='lat' dir='ltr'><strong>regione</strong></span> <span class='ocrx_word' id='word_1_646' title='bbox 1195 2281 1355 2330; x_wconf 73' lang='lat' dir='ltr'><strong>Charmande</strong></span> <span class='ocrx_word' id='word_1_647' title='bbox 1374 2281 1494 2330; x_wconf 80' lang='lat' dir='ltr'><strong>exereitus</strong></span> <span class='ocrx_word' id='word_1_648' title='bbox 1512 2282 1662 2332; x_wconf 85' lang='lat' dir='ltr'><strong>consedisset</strong></span> 
     </span>
     <span class='ocr_line' id='line_1_88' title="bbox 910 2348 1662 2414; baseline 0.009 -18"><span class='ocrx_word' id='word_1_649' title='bbox 910 2348 1056 2398; x_wconf 88' lang='lat' dir='ltr'><strong>trumentum</strong></span> <span class='ocrx_word' id='word_1_650' title='bbox 1071 2355 1279 2412; x_wconf 82' lang='lat' dir='ltr'><strong>commentumque</strong></span> <span class='ocrx_word' id='word_1_651' title='bbox 1294 2351 1448 2414; x_wconf 82' lang='lat' dir='ltr'><strong>comparandi</strong></span> <span class='ocrx_word' id='word_1_652' title='bbox 1466 2353 1542 2414; x_wconf 87' lang='lat' dir='ltr'><strong>gratia</strong></span> <span class='ocrx_word' id='word_1_653' title='bbox 1560 2367 1566 2399; x_wconf 73' lang='grc' dir='ltr'><em>ι</em></span> <span class='ocrx_word' id='word_1_654' title='bbox 1584 2353 1662 2403; x_wconf 85' lang='lat' dir='ltr'><strong>Clear-</strong></span> 
     </span>
    </p>
   </div>
   <div class='ocr_carea' id='block_1_17' title="bbox 887 2417 1662 2484">
    <p class='ocr_par' dir='ltr' id='par_1_23' title="bbox 887 2417 1662 2484">
     <span class='ocr_line' id='line_1_89' title="bbox 887 2417 1662 2484; baseline 0.008 -18"><span class='ocrx_word' id='word_1_655' title='bbox 887 2472 891 2482; x_wconf 52' lang='grc'>,</span> <span class='ocrx_word' id='word_1_656' title='bbox 909 2417 970 2467; x_wconf 86' lang='lat' dir='ltr'><strong>chus</strong></span> <span class='ocrx_word' id='word_1_657' title='bbox 982 2418 1040 2467; x_wconf 91' lang='lat' dir='ltr'><strong>dum</strong></span> <span class='ocrx_word' id='word_1_658' title='bbox 1051 2432 1094 2481; x_wconf 90' lang='lat' dir='ltr'><strong>per</strong></span> <span class='ocrx_word' id='word_1_659' title='bbox 1108 2419 1216 2468; x_wconf 80' lang='lat' dir='ltr'><strong>Menoeis</strong></span> <span class='ocrx_word' id='word_1_660' title='bbox 1227 2423 1306 2468; x_wconf 89' lang='lat' dir='ltr'><strong>castra</strong></span> <span class='ocrx_word' id='word_1_661' title='bbox 1318 2421 1424 2484; x_wconf 73' lang='lat' dir='ltr'><strong>equitat,</strong></span> <span class='ocrx_word' id='word_1_662' title='bbox 1436 2420 1610 2484; x_wconf 89' lang='lat' dir='ltr'><strong>propemodum</strong></span> <span class='ocrx_word' id='word_1_663' title='bbox 1629 2424 1662 2472; x_wconf 88' lang='lat' dir='ltr'><strong>la·</strong></span> 
     </span>
    </p>
   </div>
   <div class='ocr_carea' id='block_1_18' title="bbox 909 2488 1662 2694">
    <p class='ocr_par' dir='ltr' id='par_1_24' title="bbox 909 2488 1662 2694">
     <span class='ocr_line' id='line_1_90' title="bbox 909 2488 1662 2556; baseline 0.008 -19"><span class='ocrx_word' id='word_1_664' title='bbox 909 2488 1007 2552; x_wconf 89' lang='lat' dir='ltr'><strong>pidibus</strong></span> <span class='ocrx_word' id='word_1_665' title='bbox 1015 2490 1125 2539; x_wconf 89' lang='lat' dir='ltr'><strong>obmitur</strong></span> <span class='ocrx_word' id='word_1_666' title='bbox 1136 2503 1150 2537; x_wconf 93' lang='lat' dir='ltr'><strong>a</strong></span> <span class='ocrx_word' id='word_1_667' title='bbox 1159 2490 1276 2539; x_wconf 84' lang='lat' dir='ltr'><strong>militibus</strong></span> <span class='ocrx_word' id='word_1_668' title='bbox 1289 2491 1355 2540; x_wconf 88' lang='lat' dir='ltr'><strong>iratis</strong></span> <span class='ocrx_word' id='word_1_669' title='bbox 1365 2496 1503 2554; x_wconf 85' lang='lat' dir='ltr'><strong>propterca,</strong></span> <span class='ocrx_word' id='word_1_670' title='bbox 1513 2493 1579 2554; x_wconf 91' lang='lat' dir='ltr'><strong>quod</strong></span> <span class='ocrx_word' id='word_1_671' title='bbox 1590 2494 1662 2556; x_wconf 89' lang='lat' dir='ltr'><strong>paulo</strong></span> 
     </span>
     <span class='ocr_line' id='line_1_91' title="bbox 909 2559 1661 2621; baseline 0.007 -13"><span class='ocrx_word' id='word_1_672' title='bbox 909 2565 965 2609; x_wconf 91' lang='lat' dir='ltr'><strong>ante</strong></span> <span class='ocrx_word' id='word_1_673' title='bbox 974 2561 1075 2609; x_wconf 90' lang='lat' dir='ltr'><strong>militem</strong></span> <span class='ocrx_word' id='word_1_674' title='bbox 1084 2561 1143 2609; x_wconf 66' lang='lat' dir='ltr'><strong>cudi</strong></span> <span class='ocrx_word' id='word_1_675' title='bbox 1151 2559 1264 2621; x_wconf 85' lang='lat' dir='ltr'><strong>jusserat.</strong></span> <span class='ocrx_word' id='word_1_676' title='bbox 1298 2562 1360 2610; x_wconf 89' lang='lat' dir='ltr'><strong>lliue</strong></span> <span class='ocrx_word' id='word_1_677' title='bbox 1366 2575 1422 2610; x_wconf 89' lang='lat' dir='ltr'><strong>eum</strong></span> <span class='ocrx_word' id='word_1_678' title='bbox 1432 2575 1470 2611; x_wconf 85' lang='lat' dir='ltr'><strong>res</strong></span> <span class='ocrx_word' id='word_1_679' title='bbox 1479 2563 1510 2611; x_wconf 87' lang='lat' dir='ltr'><strong>ad</strong></span> <span class='ocrx_word' id='word_1_680' title='bbox 1519 2563 1661 2614; x_wconf 78' lang='lat' dir='ltr'><strong>seditiosum</strong></span> 
     </span>
     <span class='ocr_line' id='line_1_92' title="bbox 909 2631 1662 2694; baseline 0.003 -13"><span class='ocrx_word' id='word_1_681' title='bbox 909 2633 935 2681; x_wconf 88' lang='lat' dir='ltr'><strong>et</strong></span> <span class='ocrx_word' id='word_1_682' title='bbox 944 2631 1053 2693; x_wconf 77' lang='lat' dir='ltr'><strong>prelium</strong></span> <span class='ocrx_word' id='word_1_683' title='bbox 1062 2634 1195 2694; x_wconf 83' lang='lat' dir='ltr'><strong>spectaret,</strong></span> <span class='ocrx_word' id='word_1_684' title='bbox 1212 2632 1350 2682; x_wconf 90' lang='lat' dir='ltr'><strong>interventu</strong></span> <span class='ocrx_word' id='word_1_685' title='bbox 1361 2633 1502 2682; x_wconf 87' lang='lat' dir='ltr'><strong>eiuratione</strong></span> <span class='ocrx_word' id='word_1_686' title='bbox 1519 2635 1621 2683; x_wconf 81' lang='lat' dir='ltr'><strong>Proxeni</strong></span> <span class='ocrx_word' id='word_1_687' title='bbox 1637 2639 1662 2684; x_wconf 90' lang='lat' dir='ltr'><strong>et</strong></span> 
     </span>
    </p>
   </div>
   <div class='ocr_carea' id='block_1_19' title="bbox 846 2701 1661 2768">
    <p class='ocr_par' dir='ltr' id='par_1_25' title="bbox 846 2701 1661 2768">
     <span class='ocr_line' id='line_1_93' title="bbox 846 2701 1661 2768; baseline 0.002 -16"><span class='ocrx_word' id='word_1_688' title='bbox 846 2747 848 2752; x_wconf 93' lang='lat'><strong>.</strong></span> <span class='ocrx_word' id='word_1_689' title='bbox 910 2702 1015 2755; x_wconf 82' lang='lat' dir='ltr'><strong>maxime</strong></span> <span class='ocrx_word' id='word_1_690' title='bbox 1026 2701 1082 2763; x_wconf 89' lang='lat' dir='ltr'><strong>Cyri</strong></span> <span class='ocrx_word' id='word_1_691' title='bbox 1091 2702 1225 2750; x_wconf 89' lang='lat' dir='ltr'><strong>animorum</strong></span> <span class='ocrx_word' id='word_1_692' title='bbox 1244 2702 1349 2765; x_wconf 88' lang='lat' dir='ltr'><strong>impetus</strong></span> <span class='ocrx_word' id='word_1_693' title='bbox 1359 2703 1496 2764; x_wconf 88' lang='lat' dir='ltr'><strong>reprimitur</strong></span> <span class='ocrx_word' id='word_1_694' title='bbox 1511 2702 1588 2768; x_wconf 89' lang='lat' dir='ltr'><strong>lisque</strong></span> <span class='ocrx_word' id='word_1_695' title='bbox 1599 2717 1661 2754; x_wconf 90' lang='lat' dir='ltr'><strong>com·</strong></span> 
     </span>
    </p>
   </div>
   <div class='ocr_carea' id='block_1_20' title="bbox 902 2772 1702 5290">
    <p class='ocr_par' dir='ltr' id='par_1_26' title="bbox 902 2772 1702 5290">
     <span class='ocr_line' id='line_1_94' title="bbox 908 2772 1660 2836; baseline 0.004 -15"><span class='ocrx_word' id='word_1_696' title='bbox 908 2772 987 2836; x_wconf 86' lang='lat' dir='ltr'><strong>positu</strong></span> <span class='ocrx_word' id='word_1_697' title='bbox 1002 2772 1157 2836; x_wconf 85' lang='lat' dir='ltr'><strong>conquiescit.</strong></span> <span class='ocrx_word' id='word_1_698' title='bbox 1176 2799 1207 2807; x_wconf 91' lang='lat'><em>-</em></span> <span class='ocrx_word' id='word_1_699' title='bbox 1216 2775 1275 2822; x_wconf 84' lang='lat' dir='ltr'><strong>car.</strong></span> <span class='ocrx_word' id='word_1_700' title='bbox 1292 2777 1335 2822; x_wconf 88' lang='lat' dir='ltr'><strong>vl.</strong></span> <span class='ocrx_word' id='word_1_701' title='bbox 1346 2777 1408 2822; x_wconf 86' lang='lat' dir='ltr'><strong>Tum</strong></span> <span class='ocrx_word' id='word_1_702' title='bbox 1420 2776 1522 2825; x_wconf 85' lang='lat' dir='ltr'><strong>orontes</strong></span> <span class='ocrx_word' id='word_1_703' title='bbox 1532 2775 1660 2824; x_wconf 85' lang='lat' dir='ltr'><strong>Persarum</strong></span> 
     </span>
     <span class='ocr_line' id='line_1_95' title="bbox 909 2843 1660 2910; baseline 0.003 -18"><span class='ocrx_word' id='word_1_704' title='bbox 909 2844 1085 2910; x_wconf 88' lang='lat' dir='ltr'><strong>nobilissimus,</strong></span> <span class='ocrx_word' id='word_1_705' title='bbox 1098 2843 1139 2906; x_wconf 91' lang='lat' dir='ltr'><strong>qui</strong></span> <span class='ocrx_word' id='word_1_706' title='bbox 1146 2843 1196 2903; x_wconf 85' lang='lat' dir='ltr'><strong>jam</strong></span> <span class='ocrx_word' id='word_1_707' title='bbox 1205 2843 1243 2892; x_wconf 90' lang='lat' dir='ltr'><strong>bis</strong></span> <span class='ocrx_word' id='word_1_708' title='bbox 1253 2856 1309 2892; x_wconf 91' lang='lat' dir='ltr'><strong>cum</strong></span> <span class='ocrx_word' id='word_1_709' title='bbox 1322 2847 1385 2906; x_wconf 84' lang='lat' dir='ltr'><strong>cyro</strong></span> <span class='ocrx_word' id='word_1_710' title='bbox 1401 2843 1425 2892; x_wconf 94' lang='lat' dir='ltr'><strong>in</strong></span> <span class='ocrx_word' id='word_1_711' title='bbox 1434 2845 1534 2906; x_wconf 75' lang='lat' dir='ltr'><strong>gratim</strong></span> <span class='ocrx_word' id='word_1_712' title='bbox 1544 2845 1660 2906; x_wconf 87' lang='lat' dir='ltr'><strong>redierat,</strong></span> 
     </span>
     <span class='ocr_line' id='line_1_96' title="bbox 909 2913 1660 2979; baseline 0.003 -15"><span class='ocrx_word' id='word_1_713' title='bbox 909 2914 1007 2964; x_wconf 88' lang='lat' dir='ltr'><strong>tertium</strong></span> <span class='ocrx_word' id='word_1_714' title='bbox 1017 2914 1117 2963; x_wconf 86' lang='lat' dir='ltr'><strong>deiicere</strong></span> <span class='ocrx_word' id='word_1_715' title='bbox 1127 2914 1157 2962; x_wconf 89' lang='lat' dir='ltr'><strong>ad</strong></span> <span class='ocrx_word' id='word_1_716' title='bbox 1169 2927 1248 2977; x_wconf 84' lang='lat' dir='ltr'><strong>regem</strong></span> <span class='ocrx_word' id='word_1_717' title='bbox 1257 2919 1357 2964; x_wconf 86' lang='lat' dir='ltr'><strong>conatur</strong></span> <span class='ocrx_word' id='word_1_718' title='bbox 1370 2929 1376 2961; x_wconf 94' lang='lat'>:</span> <span class='ocrx_word' id='word_1_719' title='bbox 1393 2913 1450 2977; x_wconf 87' lang='lat' dir='ltr'><strong>sed,</strong></span> <span class='ocrx_word' id='word_1_720' title='bbox 1462 2914 1556 2966; x_wconf 83' lang='lat' dir='ltr'><strong>insidiis</strong></span> <span class='ocrx_word' id='word_1_721' title='bbox 1567 2929 1610 2979; x_wconf 88' lang='lat' dir='ltr'><strong>per</strong></span> <span class='ocrx_word' id='word_1_722' title='bbox 1619 2916 1660 2966; x_wconf 83' lang='lat' dir='ltr'><strong>lio·</strong></span> 
     </span>
     <span class='ocr_line' id='line_1_97' title="bbox 910 2986 1660 3049; baseline 0.001 -14"><span class='ocrx_word' id='word_1_723' title='bbox 910 2986 1013 3046; x_wconf 91' lang='lat' dir='ltr'><strong>minem,</strong></span> <span class='ocrx_word' id='word_1_724' title='bbox 1029 2996 1101 3047; x_wconf 87' lang='lat' dir='ltr'><strong>quem</strong></span> <span class='ocrx_word' id='word_1_725' title='bbox 1113 2991 1206 3034; x_wconf 74' lang='lat' dir='ltr'><strong>redum</strong></span> <span class='ocrx_word' id='word_1_726' title='bbox 1224 2986 1340 3048; x_wconf 83' lang='lat' dir='ltr'><strong>putabat,</strong></span> <span class='ocrx_word' id='word_1_727' title='bbox 1353 2986 1466 3049; x_wconf 89' lang='lat' dir='ltr'><strong>proditis,</strong></span> <span class='ocrx_word' id='word_1_728' title='bbox 1478 2987 1660 3049; x_wconf 86' lang='lat' dir='ltr'><strong>comprehendi·</strong></span> 
     </span>
     <span class='ocr_line' id='line_1_98' title="bbox 910 3054 1661 3117; baseline 0.001 -13"><span class='ocrx_word' id='word_1_729' title='bbox 910 3058 960 3117; x_wconf 88' lang='lat' dir='ltr'><strong>tur,</strong></span> <span class='ocrx_word' id='word_1_730' title='bbox 970 3060 994 3105; x_wconf 93' lang='lat' dir='ltr'><strong>et</strong></span> <span class='ocrx_word' id='word_1_731' title='bbox 1006 3054 1103 3105; x_wconf 82' lang='lat' dir='ltr'><strong>sceleris</strong></span> <span class='ocrx_word' id='word_1_732' title='bbox 1114 3056 1251 3115; x_wconf 77' lang='lat' dir='ltr'><strong>convictum,</strong></span> <span class='ocrx_word' id='word_1_733' title='bbox 1260 3054 1291 3105; x_wconf 92' lang='lat' dir='ltr'><strong>de</strong></span> <span class='ocrx_word' id='word_1_734' title='bbox 1303 3058 1422 3106; x_wconf 73' lang='lat' dir='ltr'><strong>aenoentia</strong></span> <span class='ocrx_word' id='word_1_735' title='bbox 1432 3058 1541 3107; x_wconf 84' lang='lat' dir='ltr'><strong>clearchi</strong></span> <span class='ocrx_word' id='word_1_736' title='bbox 1550 3057 1661 3106; x_wconf 89' lang='lat' dir='ltr'><strong>aliorum·</strong></span> 
     </span>
     <span class='ocr_line' id='line_1_99' title="bbox 908 3128 1658 3190; baseline 0.003 -15"><span class='ocrx_word' id='word_1_737' title='bbox 908 3140 971 3189; x_wconf 91' lang='lat' dir='ltr'><strong>qne,</strong></span> <span class='ocrx_word' id='word_1_738' title='bbox 981 3140 1042 3188; x_wconf 88' lang='lat' dir='ltr'><strong>quos</strong></span> <span class='ocrx_word' id='word_1_739' title='bbox 1053 3129 1131 3188; x_wconf 72' lang='lat' dir='ltr'><strong>Cynos</strong></span> <span class='ocrx_word' id='word_1_740' title='bbox 1148 3130 1335 3187; x_wconf 75' lang='lat' dir='ltr'><strong>convocaverat,</strong></span> <span class='ocrx_word' id='word_1_741' title='bbox 1347 3128 1432 3190; x_wconf 84' lang='lat' dir='ltr'><strong>cepitis</strong></span> <span class='ocrx_word' id='word_1_742' title='bbox 1443 3128 1583 3188; x_wconf 86' lang='lat' dir='ltr'><strong>damnatus,</strong></span> <span class='ocrx_word' id='word_1_743' title='bbox 1595 3129 1658 3177; x_wconf 89' lang='lat' dir='ltr'><strong>clam</strong></span> 
     </span>
     <span class='ocr_line' id='line_1_100' title="bbox 909 3196 1660 3260; baseline 0.003 -14"><span class='ocrx_word' id='word_1_744' title='bbox 909 3210 923 3246; x_wconf 89' lang='lat' dir='ltr'><strong>e</strong></span> <span class='ocrx_word' id='word_1_745' title='bbox 941 3197 1022 3247; x_wconf 89' lang='lat' dir='ltr'><strong>medio</strong></span> <span class='ocrx_word' id='word_1_746' title='bbox 1040 3197 1139 3245; x_wconf 89' lang='lat' dir='ltr'><strong>tollitur.</strong></span> <span class='ocrx_word' id='word_1_747' title='bbox 1160 3222 1191 3231; x_wconf 87' lang='lat'><em>-</em></span> <span class='ocrx_word' id='word_1_748' title='bbox 1208 3198 1267 3246; x_wconf 82' lang='lat' dir='ltr'><strong>Cae.</strong></span> <span class='ocrx_word' id='word_1_749' title='bbox 1288 3198 1342 3249; x_wconf 84' lang='lat' dir='ltr'><strong>vu.</strong></span> <span class='ocrx_word' id='word_1_750' title='bbox 1366 3196 1521 3259; x_wconf 84' lang='lat' dir='ltr'><strong>Babyloniam</strong></span> <span class='ocrx_word' id='word_1_751' title='bbox 1538 3199 1660 3260; x_wconf 83' lang='lat' dir='ltr'><strong>ingressus</strong></span> 
     </span>
     <span class='ocr_line' id='line_1_101' title="bbox 909 3267 1660 3331; baseline 0.001 -14"><span class='ocrx_word' id='word_1_752' title='bbox 909 3271 1002 3329; x_wconf 88' lang='lat' dir='ltr'><strong>Cyms,</strong></span> <span class='ocrx_word' id='word_1_753' title='bbox 1014 3280 1071 3316; x_wconf 91' lang='lat' dir='ltr'><strong>eum</strong></span> <span class='ocrx_word' id='word_1_754' title='bbox 1088 3280 1167 3329; x_wconf 86' lang='lat' dir='ltr'><strong>regem</strong></span> <span class='ocrx_word' id='word_1_755' title='bbox 1179 3267 1295 3330; x_wconf 89' lang='lat' dir='ltr'><strong>postridie</strong></span> <span class='ocrx_word' id='word_1_756' title='bbox 1304 3267 1378 3317; x_wconf 86' lang='lat' dir='ltr'><strong>atlore</strong></span> <span class='ocrx_word' id='word_1_757' title='bbox 1389 3269 1565 3331; x_wconf 87' lang='lat' dir='ltr'><strong>suspicaretur,</strong></span> <span class='ocrx_word' id='word_1_758' title='bbox 1578 3271 1660 3331; x_wconf 84' lang='lat' dir='ltr'><strong>copias</strong></span> 
     </span>
     <span class='ocr_line' id='line_1_102' title="bbox 908 3334 1660 3402; baseline 0.003 -15"><span class='ocrx_word' id='word_1_759' title='bbox 908 3339 1031 3387; x_wconf 82' lang='lat' dir='ltr'><strong>lustratet</strong></span> <span class='ocrx_word' id='word_1_760' title='bbox 1048 3337 1146 3386; x_wconf 84' lang='lat' dir='ltr'><strong>instruit</strong></span> <span class='ocrx_word' id='word_1_761' title='bbox 1160 3337 1241 3387; x_wconf 87' lang='lat' dir='ltr'><strong>media</strong></span> <span class='ocrx_word' id='word_1_762' title='bbox 1258 3338 1310 3402; x_wconf 88' lang='lat' dir='ltr'><strong>ipsa</strong></span> <span class='ocrx_word' id='word_1_763' title='bbox 1327 3343 1398 3388; x_wconf 88' lang='lat' dir='ltr'><strong>noete</strong></span> <span class='ocrx_word' id='word_1_764' title='bbox 1415 3342 1531 3388; x_wconf 84' lang='lat' dir='ltr'><strong>:Graeoos</strong></span> <span class='ocrx_word' id='word_1_765' title='bbox 1551 3334 1660 3389; x_wconf 82' lang='lat' dir='ltr'><strong>bortatur</strong></span> 
     </span>
     <span class='ocr_line' id='line_1_103' title="bbox 909 3406 1660 3471; baseline 0.005 -16"><span class='ocrx_word' id='word_1_766' title='bbox 909 3406 987 3469; x_wconf 91' lang='lat' dir='ltr'><strong>iisque</strong></span> <span class='ocrx_word' id='word_1_767' title='bbox 1003 3406 1102 3471; x_wconf 86' lang='lat' dir='ltr'><strong>praemia</strong></span> <span class='ocrx_word' id='word_1_768' title='bbox 1114 3406 1233 3468; x_wconf 87' lang='lat' dir='ltr'><strong>promittit</strong></span> <span class='ocrx_word' id='word_1_769' title='bbox 1246 3408 1378 3470; x_wconf 85' lang='lat' dir='ltr'><strong>magnifica.</strong></span> <span class='ocrx_word' id='word_1_770' title='bbox 1411 3409 1470 3459; x_wconf 93' lang='lat' dir='ltr'><strong>lnde</strong></span> <span class='ocrx_word' id='word_1_771' title='bbox 1481 3410 1531 3459; x_wconf 88' lang='lat' dir='ltr'><strong>acie</strong></span> <span class='ocrx_word' id='word_1_772' title='bbox 1543 3409 1660 3459; x_wconf 82' lang='lat' dir='ltr'><strong>instructa</strong></span> 
     </span>
     <span class='ocr_line' id='line_1_104' title="bbox 908 3476 1659 3542; baseline 0.007 -18"><span class='ocrx_word' id='word_1_773' title='bbox 908 3490 1047 3541; x_wconf 77' lang='lat' dir='ltr'><strong>progressus</strong></span> <span class='ocrx_word' id='word_1_774' title='bbox 1059 3482 1155 3539; x_wconf 69' lang='lat' dir='ltr'><strong>superas</strong></span> <span class='ocrx_word' id='word_1_775' title='bbox 1170 3476 1255 3539; x_wconf 81' lang='lat' dir='ltr'><strong>facile,</strong></span> <span class='ocrx_word' id='word_1_776' title='bbox 1268 3480 1363 3536; x_wconf 85' lang='lat' dir='ltr'><strong>nemine</strong></span> <span class='ocrx_word' id='word_1_777' title='bbox 1373 3480 1531 3542; x_wconf 88' lang='lat' dir='ltr'><strong>impediente,</strong></span> <span class='ocrx_word' id='word_1_778' title='bbox 1542 3478 1659 3529; x_wconf 72' lang='lat' dir='ltr'><strong>inmania</strong></span> 
     </span>
     <span class='ocr_line' id='line_1_105' title="bbox 907 3546 1659 3611; baseline 0.004 -17"><span class='ocrx_word' id='word_1_779' title='bbox 907 3560 962 3608; x_wconf 78' lang='lat' dir='ltr'><strong>rege</strong></span> <span class='ocrx_word' id='word_1_780' title='bbox 982 3546 1088 3595; x_wconf 87' lang='lat' dir='ltr'><strong>ductam</strong></span> <span class='ocrx_word' id='word_1_781' title='bbox 1119 3546 1199 3596; x_wconf 87' lang='lat' dir='ltr'><strong>Silano</strong></span> <span class='ocrx_word' id='word_1_782' title='bbox 1220 3548 1354 3611; x_wconf 83' lang='lat' dir='ltr'><strong>lumspici,</strong></span> <span class='ocrx_word' id='word_1_783' title='bbox 1371 3561 1427 3597; x_wconf 90' lang='lat' dir='ltr'><strong>curn</strong></span> <span class='ocrx_word' id='word_1_784' title='bbox 1450 3548 1502 3609; x_wconf 82' lang='lat' dir='ltr'><strong>ejus</strong></span> <span class='ocrx_word' id='word_1_785' title='bbox 1520 3549 1659 3597; x_wconf 78' lang='lat' dir='ltr'><strong>vaticinium</strong></span> 
     </span>
     <span class='ocr_line' id='line_1_106' title="bbox 908 3616 1659 3682; baseline 0.003 -16"><span class='ocrx_word' id='word_1_786' title='bbox 908 3616 1034 3678; x_wconf 86' lang='lat' dir='ltr'><strong>probasset</strong></span> <span class='ocrx_word' id='word_1_787' title='bbox 1044 3620 1159 3679; x_wconf 86' lang='lat' dir='ltr'><strong>eventus,</strong></span> <span class='ocrx_word' id='word_1_788' title='bbox 1172 3617 1244 3666; x_wconf 82' lang='lat' dir='ltr'><strong>solvit</strong></span> <span class='ocrx_word' id='word_1_789' title='bbox 1255 3618 1381 3680; x_wconf 74' lang='lat' dir='ltr'><strong>premitus</strong></span> <span class='ocrx_word' id='word_1_790' title='bbox 1398 3617 1559 3679; x_wconf 89' lang='lat' dir='ltr'><strong>promissum,</strong></span> <span class='ocrx_word' id='word_1_791' title='bbox 1574 3622 1598 3667; x_wconf 89' lang='lat' dir='ltr'><strong>et</strong></span> <span class='ocrx_word' id='word_1_792' title='bbox 1608 3620 1659 3682; x_wconf 90' lang='lat' dir='ltr'><strong>opi·</strong></span> 
     </span>
     <span class='ocr_line' id='line_1_107' title="bbox 907 3686 1659 3751; baseline 0.003 -16"><span class='ocrx_word' id='word_1_793' title='bbox 907 3698 982 3747; x_wconf 85' lang='lat' dir='ltr'><strong>nans,</strong></span> <span class='ocrx_word' id='word_1_794' title='bbox 992 3698 1072 3748; x_wconf 70' lang='lat' dir='ltr'><strong>regn</strong></span> <span class='ocrx_word' id='word_1_795' title='bbox 1085 3687 1206 3751; x_wconf 80' lang='lat' dir='ltr'><strong>pugnandi</strong></span> <span class='ocrx_word' id='word_1_796' title='bbox 1217 3687 1344 3737; x_wconf 88' lang='lat' dir='ltr'><strong>consilium</strong></span> <span class='ocrx_word' id='word_1_797' title='bbox 1354 3686 1485 3748; x_wconf 77' lang='lat' dir='ltr'><strong>abiecisse,</strong></span> <span class='ocrx_word' id='word_1_798' title='bbox 1500 3688 1546 3737; x_wconf 88' lang='lat' dir='ltr'><strong>iter</strong></span> <span class='ocrx_word' id='word_1_799' title='bbox 1554 3688 1610 3737; x_wconf 83' lang='lat' dir='ltr'><strong>lacit</strong></span> <span class='ocrx_word' id='word_1_800' title='bbox 1619 3701 1659 3737; x_wconf 75' lang='lat' dir='ltr'><strong>ne</strong></span> 
     </span>
     <span class='ocr_line' id='line_1_108' title="bbox 907 3756 1658 3819; baseline 0.004 -15"><span class='ocrx_word' id='word_1_801' title='bbox 907 3756 1044 3817; x_wconf 79' lang='lat' dir='ltr'><strong>gligentius.</strong></span> <span class='ocrx_word' id='word_1_802' title='bbox 1066 3784 1098 3792; x_wconf 92' lang='lat'>—</span> <span class='ocrx_word' id='word_1_803' title='bbox 1118 3761 1177 3807; x_wconf 83' lang='lat' dir='ltr'><strong>Cae.</strong></span> <span class='ocrx_word' id='word_1_804' title='bbox 1198 3758 1264 3807; x_wconf 82' lang='lat' dir='ltr'><strong>vill.</strong></span> <span class='ocrx_word' id='word_1_805' title='bbox 1285 3756 1391 3805; x_wconf 79' lang='lat' dir='ltr'><strong>Tandem</strong></span> <span class='ocrx_word' id='word_1_806' title='bbox 1417 3760 1504 3819; x_wconf 79' lang='lat' dir='ltr'><strong>preter</strong></span> <span class='ocrx_word' id='word_1_807' title='bbox 1523 3758 1658 3819; x_wconf 88' lang='lat' dir='ltr'><strong>opinionem</strong></span> 
     </span>
     <span class='ocr_line' id='line_1_109' title="bbox 907 3823 1657 3889; baseline -0.001 -13"><span class='ocrx_word' id='word_1_808' title='bbox 907 3823 1050 3876; x_wconf 79' lang='lat' dir='ltr'><strong>aruxerx&#39;es</strong></span> <span class='ocrx_word' id='word_1_809' title='bbox 1059 3840 1115 3876; x_wconf 88' lang='lat' dir='ltr'><strong>cnm</strong></span> <span class='ocrx_word' id='word_1_810' title='bbox 1125 3826 1231 3875; x_wconf 82' lang='lat' dir='ltr'><strong>exercitu</strong></span> <span class='ocrx_word' id='word_1_811' title='bbox 1242 3826 1336 3887; x_wconf 66' lang='lat' dir='ltr'><strong>egegie</strong></span> <span class='ocrx_word' id='word_1_812' title='bbox 1348 3826 1465 3875; x_wconf 88' lang='lat' dir='ltr'><strong>instructo</strong></span> <span class='ocrx_word' id='word_1_813' title='bbox 1474 3827 1657 3889; x_wconf 86' lang='lat' dir='ltr'><strong>appropinquat.</strong></span> 
     </span>
     <span class='ocr_line' id='line_1_110' title="bbox 907 3894 1658 3960; baseline -0.003 -11"><span class='ocrx_word' id='word_1_814' title='bbox 907 3900 988 3960; x_wconf 85' lang='lat' dir='ltr'><strong>Cyrus</strong></span> <span class='ocrx_word' id='word_1_815' title='bbox 1008 3899 1080 3958; x_wconf 84' lang='lat' dir='ltr'><strong>igitur</strong></span> <span class='ocrx_word' id='word_1_816' title='bbox 1099 3902 1124 3945; x_wconf 90' lang='lat' dir='ltr'><strong>et</strong></span> <span class='ocrx_word' id='word_1_817' title='bbox 1137 3894 1217 3946; x_wconf 69' lang='lat' dir='ltr'><strong>cresi</strong></span> <span class='ocrx_word' id='word_1_818' title='bbox 1236 3896 1357 3958; x_wconf 85' lang='lat' dir='ltr'><strong>trepidant</strong></span> <span class='ocrx_word' id='word_1_819' title='bbox 1368 3900 1406 3957; x_wconf 90' lang='lat' dir='ltr'><strong>et,</strong></span> <span class='ocrx_word' id='word_1_820' title='bbox 1418 3908 1449 3945; x_wconf 89' lang='lat' dir='ltr'><strong>ne</strong></span> <span class='ocrx_word' id='word_1_821' title='bbox 1459 3896 1569 3957; x_wconf 86' lang='lat' dir='ltr'><strong>irnparati</strong></span> <span class='ocrx_word' id='word_1_822' title='bbox 1581 3898 1658 3960; x_wconf 87' lang='lat' dir='ltr'><strong>oppri-</strong></span> 
     </span>
     <span class='ocr_line' id='line_1_111' title="bbox 907 3962 1650 4028; baseline -0.003 -11"><span class='ocrx_word' id='word_1_823' title='bbox 907 3972 1011 4027; x_wconf 84' lang='lat' dir='ltr'><strong>muntur,</strong></span> <span class='ocrx_word' id='word_1_824' title='bbox 1026 3966 1134 4016; x_wconf 72' lang='lat' dir='ltr'><strong>celeriter</strong></span> <span class='ocrx_word' id='word_1_825' title='bbox 1146 3980 1213 4014; x_wconf 77' lang='lat' dir='ltr'><strong>urna</strong></span> <span class='ocrx_word' id='word_1_826' title='bbox 1227 3962 1359 4028; x_wconf 81' lang='lat' dir='ltr'><strong>expedirmt</strong></span> <span class='ocrx_word' id='word_1_827' title='bbox 1376 3966 1499 4028; x_wconf 88' lang='lat' dir='ltr'><strong>aciemque</strong></span> <span class='ocrx_word' id='word_1_828' title='bbox 1519 3966 1650 4015; x_wconf 79' lang='lat' dir='ltr'><strong>instruam.</strong></span> 
     </span>
     <span class='ocr_line' id='line_1_112' title="bbox 907 4034 1659 4101; baseline -0.004 -12"><span class='ocrx_word' id='word_1_829' title='bbox 907 4040 998 4098; x_wconf 80' lang='lat' dir='ltr'><strong>Graeci,</strong></span> <span class='ocrx_word' id='word_1_830' title='bbox 1008 4039 1064 4101; x_wconf 91' lang='lat' dir='ltr'><strong>qui,</strong></span> <span class='ocrx_word' id='word_1_831' title='bbox 1076 4049 1223 4100; x_wconf 87' lang='lat' dir='ltr'><strong>quamquam</strong></span> <span class='ocrx_word' id='word_1_832' title='bbox 1239 4036 1402 4097; x_wconf 77' lang='lat' dir='ltr'><strong>cyminum,</strong></span> <span class='ocrx_word' id='word_1_833' title='bbox 1420 4034 1531 4084; x_wconf 84' lang='lat' dir='ltr'><strong>dextrum</strong></span> <span class='ocrx_word' id='word_1_834' title='bbox 1548 4036 1659 4086; x_wconf 90' lang='lat' dir='ltr'><strong>obtinent</strong></span> 
     </span>
     <span class='ocr_line' id='line_1_113' title="bbox 907 4103 1702 4170; baseline -0.004 -12"><span class='ocrx_word' id='word_1_835' title='bbox 907 4122 980 4158; x_wconf 85' lang='lat' dir='ltr'><strong>cornu</strong></span> <span class='ocrx_word' id='word_1_836' title='bbox 989 4106 1058 4170; x_wconf 73' lang='lat' dir='ltr'><strong>iuxta</strong></span> <span class='ocrx_word' id='word_1_837' title='bbox 1069 4106 1230 4169; x_wconf 83' lang='lat' dir='ltr'><strong>Euphratem,</strong></span> <span class='ocrx_word' id='word_1_838' title='bbox 1242 4104 1325 4153; x_wconf 85' lang='lat' dir='ltr'><strong>statim</strong></span> <span class='ocrx_word' id='word_1_839' title='bbox 1333 4106 1411 4167; x_wconf 87' lang='lat' dir='ltr'><strong>primo</strong></span> <span class='ocrx_word' id='word_1_840' title='bbox 1423 4104 1514 4167; x_wconf 90' lang='lat' dir='ltr'><strong>impetn</strong></span> <span class='ocrx_word' id='word_1_841' title='bbox 1526 4103 1593 4154; x_wconf 77' lang='lat' dir='ltr'><strong>facile</strong></span> <span class='ocrx_word' id='word_1_842' title='bbox 1605 4104 1658 4155; x_wconf 89' lang='lat' dir='ltr'><strong>bar·</strong></span> <span class='ocrx_word' id='word_1_843' title='bbox 1697 4116 1702 4123; x_wconf 89' lang='grc'><em>·</em></span> 
     </span>
     <span class='ocr_line' id='line_1_114' title="bbox 907 4174 1657 4245; baseline -0.003 -17"><span class='ocrx_word' id='word_1_844' title='bbox 907 4178 978 4228; x_wconf 84' lang='lat' dir='ltr'><strong>beros</strong></span> <span class='ocrx_word' id='word_1_845' title='bbox 990 4178 1036 4227; x_wconf 90' lang='lat' dir='ltr'><strong>sibi</strong></span> <span class='ocrx_word' id='word_1_846' title='bbox 1047 4176 1171 4239; x_wconf 87' lang='lat' dir='ltr'><strong>oppositos</strong></span> <span class='ocrx_word' id='word_1_847' title='bbox 1180 4176 1204 4224; x_wconf 92' lang='lat' dir='ltr'><strong>in</strong></span> <span class='ocrx_word' id='word_1_848' title='bbox 1215 4175 1296 4237; x_wconf 85' lang='lat' dir='ltr'><strong>lugam</strong></span> <span class='ocrx_word' id='word_1_849' title='bbox 1309 4174 1465 4237; x_wconf 83' lang='lat' dir='ltr'><strong>compellunt.</strong></span> <span class='ocrx_word' id='word_1_850' title='bbox 1498 4178 1577 4245; x_wconf 79' lang='lat' dir='ltr'><strong>Cyrus</strong></span> <span class='ocrx_word' id='word_1_851' title='bbox 1587 4188 1657 4237; x_wconf 71' lang='lat' dir='ltr'><strong>ruo,</strong></span> 
     </span>
     <span class='ocr_line' id='line_1_115' title="bbox 906 4245 1658 4310; baseline -0.004 -12"><span class='ocrx_word' id='word_1_852' title='bbox 906 4262 962 4299; x_wconf 90' lang='lat' dir='ltr'><strong>cum</strong></span> <span class='ocrx_word' id='word_1_853' title='bbox 976 4252 1003 4298; x_wconf 91' lang='lat' dir='ltr'><strong>et</strong></span> <span class='ocrx_word' id='word_1_854' title='bbox 1013 4248 1064 4310; x_wconf 89' lang='lat' dir='ltr'><strong>ipse</strong></span> <span class='ocrx_word' id='word_1_855' title='bbox 1074 4248 1155 4295; x_wconf 88' lang='lat' dir='ltr'><strong>hostes</strong></span> <span class='ocrx_word' id='word_1_856' title='bbox 1169 4246 1194 4295; x_wconf 92' lang='lat' dir='ltr'><strong>in</strong></span> <span class='ocrx_word' id='word_1_857' title='bbox 1211 4246 1292 4306; x_wconf 86' lang='lat' dir='ltr'><strong>lugam</strong></span> <span class='ocrx_word' id='word_1_858' title='bbox 1303 4246 1475 4304; x_wconf 86' lang='lat' dir='ltr'><strong>convertisset,</strong></span> <span class='ocrx_word' id='word_1_859' title='bbox 1494 4245 1544 4294; x_wconf 89' lang='lat' dir='ltr'><strong>suis</strong></span> <span class='ocrx_word' id='word_1_860' title='bbox 1563 4246 1658 4295; x_wconf 89' lang='lat' dir='ltr'><strong>bostem</strong></span> 
     </span>
     <span class='ocr_line' id='line_1_116' title="bbox 906 4314 1656 4381; baseline -0.005 -13"><span class='ocrx_word' id='word_1_861' title='bbox 906 4319 992 4381; x_wconf 89' lang='lat' dir='ltr'><strong>cupide</strong></span> <span class='ocrx_word' id='word_1_862' title='bbox 1002 4315 1215 4381; x_wconf 86' lang='lat' dir='ltr'><strong>persequentibus,</strong></span> <span class='ocrx_word' id='word_1_863' title='bbox 1233 4314 1315 4378; x_wconf 89' lang='lat' dir='ltr'><strong>paucis</strong></span> <span class='ocrx_word' id='word_1_864' title='bbox 1328 4316 1430 4377; x_wconf 87' lang='lat' dir='ltr'><strong>stipatus</strong></span> <span class='ocrx_word' id='word_1_865' title='bbox 1438 4314 1550 4364; x_wconf 80' lang='lat' dir='ltr'><strong>fidelibus</strong></span> <span class='ocrx_word' id='word_1_866' title='bbox 1560 4316 1656 4375; x_wconf 87' lang='lat' dir='ltr'><strong>amicis,</strong></span> 
     </span>
     <span class='ocr_line' id='line_1_117' title="bbox 906 4385 1655 4450; baseline -0.003 -14"><span class='ocrx_word' id='word_1_867' title='bbox 906 4388 966 4437; x_wconf 91' lang='lat' dir='ltr'><strong>dnm</strong></span> <span class='ocrx_word' id='word_1_868' title='bbox 973 4386 1084 4450; x_wconf 82' lang='lat' dir='ltr'><strong>cupidius</strong></span> <span class='ocrx_word' id='word_1_869' title='bbox 1096 4391 1186 4448; x_wconf 85' lang='lat' dir='ltr'><strong>pugnat</strong></span> <span class='ocrx_word' id='word_1_870' title='bbox 1197 4398 1325 4447; x_wconf 87' lang='lat' dir='ltr'><strong>regemque</strong></span> <span class='ocrx_word' id='word_1_871' title='bbox 1334 4385 1414 4447; x_wconf 89' lang='lat' dir='ltr'><strong>ipsum</strong></span> <span class='ocrx_word' id='word_1_872' title='bbox 1423 4387 1497 4447; x_wconf 92' lang='lat' dir='ltr'><strong>petit,</strong></span> <span class='ocrx_word' id='word_1_873' title='bbox 1507 4385 1655 4434; x_wconf 75' lang='lat' dir='ltr'><strong>interficitur.</strong></span> 
     </span>
     <span class='ocr_line' id='line_1_118' title="bbox 906 4455 1657 4518; baseline -0.003 -11"><span class='ocrx_word' id='word_1_874' title='bbox 906 4486 937 4494; x_wconf 89' lang='lat'><em>-</em></span> <span class='ocrx_word' id='word_1_875' title='bbox 949 4462 1007 4508; x_wconf 80' lang='lat' dir='ltr'><strong>Car.</strong></span> <span class='ocrx_word' id='word_1_876' title='bbox 1025 4460 1066 4507; x_wconf 81' lang='lat' dir='ltr'><strong>lx.</strong></span> <span class='ocrx_word' id='word_1_877' title='bbox 1081 4455 1224 4506; x_wconf 88' lang='lat' dir='ltr'><strong>continetur</strong></span> <span class='ocrx_word' id='word_1_878' title='bbox 1244 4456 1284 4504; x_wconf 87' lang='lat' dir='ltr'><strong>hic</strong></span> <span class='ocrx_word' id='word_1_879' title='bbox 1301 4455 1358 4517; x_wconf 83' lang='lat' dir='ltr'><strong>Cyri</strong></span> <span class='ocrx_word' id='word_1_880' title='bbox 1376 4456 1513 4505; x_wconf 86' lang='lat' dir='ltr'><strong>encomium</strong></span> <span class='ocrx_word' id='word_1_881' title='bbox 1528 4469 1657 4518; x_wconf 88' lang='lat' dir='ltr'><strong>moresque</strong></span> 
     </span>
     <span class='ocr_line' id='line_1_119' title="bbox 905 4524 1656 4591; baseline -0.007 -13"><span class='ocrx_word' id='word_1_882' title='bbox 905 4530 958 4591; x_wconf 82' lang='lat' dir='ltr'><strong>ejus</strong></span> <span class='ocrx_word' id='word_1_883' title='bbox 977 4525 1071 4575; x_wconf 87' lang='lat' dir='ltr'><strong>honesti</strong></span> <span class='ocrx_word' id='word_1_884' title='bbox 1087 4525 1263 4576; x_wconf 85' lang='lat' dir='ltr'><strong>describuntur.</strong></span> <span class='ocrx_word' id='word_1_885' title='bbox 1295 4524 1349 4573; x_wconf 85' lang='lat' dir='ltr'><strong>Etsi</strong></span> <span class='ocrx_word' id='word_1_886' title='bbox 1365 4524 1414 4572; x_wconf 87' lang='lat' dir='ltr'><strong>sato</strong></span> <span class='ocrx_word' id='word_1_887' title='bbox 1435 4524 1565 4587; x_wconf 87' lang='lat' dir='ltr'><strong>impeditus</strong></span> <span class='ocrx_word' id='word_1_888' title='bbox 1583 4536 1656 4585; x_wconf 85' lang='lat' dir='ltr'><strong>regno</strong></span> 
     </span>
     <span class='ocr_line' id='line_1_120' title="bbox 905 4594 1656 4661; baseline -0.005 -14"><span class='ocrx_word' id='word_1_889' title='bbox 905 4598 997 4661; x_wconf 90' lang='lat' dir='ltr'><strong>potitus</strong></span> <span class='ocrx_word' id='word_1_890' title='bbox 1007 4610 1056 4646; x_wconf 89' lang='lat' dir='ltr'><strong>non</strong></span> <span class='ocrx_word' id='word_1_891' title='bbox 1072 4600 1127 4645; x_wconf 89' lang='lat' dir='ltr'><strong>est:</strong></span> <span class='ocrx_word' id='word_1_892' title='bbox 1147 4596 1179 4644; x_wconf 91' lang='lat' dir='ltr'><strong>oh</strong></span> <span class='ocrx_word' id='word_1_893' title='bbox 1189 4595 1302 4644; x_wconf 74' lang='lat' dir='ltr'><strong>virtutem</strong></span> <span class='ocrx_word' id='word_1_894' title='bbox 1317 4598 1398 4643; x_wconf 71' lang='lat' dir='ltr'><strong>maun</strong></span> <span class='ocrx_word' id='word_1_895' title='bbox 1411 4607 1484 4655; x_wconf 85' lang='lat' dir='ltr'><strong>regno</strong></span> <span class='ocrx_word' id='word_1_896' title='bbox 1500 4594 1656 4653; x_wconf 82' lang='lat' dir='ltr'><strong>dignissimus</strong></span> 
     </span>
     <span class='ocr_line' id='line_1_121' title="bbox 903 4661 1655 4731; baseline -0.008 -14"><span class='ocrx_word' id='word_1_897' title='bbox 903 4668 1025 4731; x_wconf 78' lang='lat' dir='ltr'><strong>iudicatus</strong></span> <span class='ocrx_word' id='word_1_898' title='bbox 1042 4672 1088 4715; x_wconf 89' lang='lat' dir='ltr'><strong>est.</strong></span> <span class='ocrx_word' id='word_1_899' title='bbox 1120 4670 1185 4715; x_wconf 85' lang='lat' dir='ltr'><strong>Puer</strong></span> <span class='ocrx_word' id='word_1_900' title='bbox 1196 4664 1373 4727; x_wconf 87' lang='lat' dir='ltr'><strong>adlrucoptima</strong></span> <span class='ocrx_word' id='word_1_901' title='bbox 1387 4668 1515 4713; x_wconf 86' lang='lat' dir='ltr'><strong>Persanuu</strong></span> <span class='ocrx_word' id='word_1_902' title='bbox 1529 4661 1655 4724; x_wconf 87' lang='lat' dir='ltr'><strong>disciplina</strong></span> 
     </span>
     <span class='ocr_line' id='line_1_122' title="bbox 905 4732 1655 4797; baseline -0.012 -9"><span class='ocrx_word' id='word_1_903' title='bbox 905 4740 1031 4788; x_wconf 88' lang='lat' dir='ltr'><strong>institutus</strong></span> <span class='ocrx_word' id='word_1_904' title='bbox 1046 4735 1113 4785; x_wconf 84' lang='lat' dir='ltr'><strong>brevi</strong></span> <span class='ocrx_word' id='word_1_905' title='bbox 1129 4734 1262 4796; x_wconf 79' lang='lat' dir='ltr'><strong>equalibus</strong></span> <span class='ocrx_word' id='word_1_906' title='bbox 1278 4733 1391 4797; x_wconf 87' lang='lat' dir='ltr'><strong>praestitit</strong></span> <span class='ocrx_word' id='word_1_907' title='bbox 1403 4732 1535 4791; x_wconf 80' lang='lat' dir='ltr'><strong>modestia,</strong></span> <span class='ocrx_word' id='word_1_908' title='bbox 1548 4744 1604 4791; x_wconf 83' lang='lat' dir='ltr'><strong>erga</strong></span> <span class='ocrx_word' id='word_1_909' title='bbox 1618 4744 1655 4780; x_wconf 90' lang='lat' dir='ltr'><strong>se·</strong></span> 
     </span>
     <span class='ocr_line' id='line_1_123' title="bbox 904 4801 1659 4869; baseline -0.011 -10"><span class='ocrx_word' id='word_1_910' title='bbox 904 4810 983 4859; x_wconf 86' lang='lat' dir='ltr'><strong>niores</strong></span> <span class='ocrx_word' id='word_1_911' title='bbox 992 4806 1122 4869; x_wconf 86' lang='lat' dir='ltr'><strong>obsequio,</strong></span> <span class='ocrx_word' id='word_1_912' title='bbox 1134 4804 1257 4868; x_wconf 90' lang='lat' dir='ltr'><strong>equitandi</strong></span> <span class='ocrx_word' id='word_1_913' title='bbox 1274 4802 1447 4866; x_wconf 86' lang='lat' dir='ltr'><strong>studio,urcns</strong></span> <span class='ocrx_word' id='word_1_914' title='bbox 1460 4801 1576 4851; x_wconf 71' lang='lat' dir='ltr'><strong>mactandi</strong></span> <span class='ocrx_word' id='word_1_915' title='bbox 1591 4801 1659 4862; x_wconf 85' lang='lat' dir='ltr'><strong>etja-</strong></span> 
     </span>
     <span class='ocr_line' id='line_1_124' title="bbox 905 4870 1655 4937; baseline -0.013 -9"><span class='ocrx_word' id='word_1_916' title='bbox 905 4880 1014 4929; x_wconf 89' lang='lat' dir='ltr'><strong>culorum</strong></span> <span class='ocrx_word' id='word_1_917' title='bbox 1033 4876 1205 4925; x_wconf 84' lang='lat' dir='ltr'><strong>mittendorum</strong></span> <span class='ocrx_word' id='word_1_918' title='bbox 1224 4875 1321 4937; x_wconf 88' lang='lat' dir='ltr'><strong>peritia,</strong></span> <span class='ocrx_word' id='word_1_919' title='bbox 1333 4878 1358 4923; x_wconf 91' lang='lat' dir='ltr'><strong>et</strong></span> <span class='ocrx_word' id='word_1_920' title='bbox 1367 4874 1471 4923; x_wconf 72' lang='lat' dir='ltr'><strong>imarum</strong></span> <span class='ocrx_word' id='word_1_921' title='bbox 1485 4872 1523 4921; x_wconf 90' lang='lat' dir='ltr'><strong>vel</strong></span> <span class='ocrx_word' id='word_1_922' title='bbox 1537 4870 1655 4919; x_wconf 75' lang='lat' dir='ltr'><strong>ferocissi-</strong></span> 
     </span>
     <span class='ocr_line' id='line_1_125' title="bbox 902 4944 1654 5005; baseline -0.015 -6"><span class='ocrx_word' id='word_1_923' title='bbox 902 4962 998 4999; x_wconf 87' lang='lat' dir='ltr'><strong>marum</strong></span> <span class='ocrx_word' id='word_1_924' title='bbox 1009 4946 1171 4997; x_wconf 77' lang='lat' dir='ltr'><strong>venundatum</strong></span> <span class='ocrx_word' id='word_1_925' title='bbox 1186 4944 1275 4994; x_wconf 89' lang='lat' dir='ltr'><strong>studio.</strong></span> <span class='ocrx_word' id='word_1_926' title='bbox 1308 4945 1412 4994; x_wconf 80' lang='lat' dir='ltr'><strong>Adultus</strong></span> <span class='ocrx_word' id='word_1_927' title='bbox 1423 4948 1469 4992; x_wconf 91' lang='lat' dir='ltr'><strong>eta</strong></span> <span class='ocrx_word' id='word_1_928' title='bbox 1483 4946 1551 5005; x_wconf 90' lang='lat' dir='ltr'><strong>patre</strong></span> <span class='ocrx_word' id='word_1_929' title='bbox 1560 4946 1654 5003; x_wconf 79' lang='lat' dir='ltr'><strong>satrapa</strong></span> 
     </span>
     <span class='ocr_line' id='line_1_126' title="bbox 903 5011 1655 5079; baseline -0.011 -10"><span class='ocrx_word' id='word_1_930' title='bbox 903 5020 1049 5069; x_wconf 88' lang='lat' dir='ltr'><strong>constitutus</strong></span> <span class='ocrx_word' id='word_1_931' title='bbox 1072 5018 1165 5079; x_wconf 76' lang='lat' dir='ltr'><strong>egregm</strong></span> <span class='ocrx_word' id='word_1_932' title='bbox 1185 5017 1282 5065; x_wconf 70' lang='lat' dir='ltr'><strong>virtuts</strong></span> <span class='ocrx_word' id='word_1_933' title='bbox 1304 5015 1434 5079; x_wconf 82' lang='lat' dir='ltr'><strong>specimina</strong></span> <span class='ocrx_word' id='word_1_934' title='bbox 1455 5012 1538 5063; x_wconf 86' lang='lat' dir='ltr'><strong>edidit.</strong></span> <span class='ocrx_word' id='word_1_935' title='bbox 1570 5011 1655 5061; x_wconf 86' lang='lat' dir='ltr'><strong>Fidem</strong></span> 
     </span>
     <span class='ocr_line' id='line_1_127' title="bbox 904 5081 1654 5141; baseline -0.013 -1"><span class='ocrx_word' id='word_1_936' title='bbox 904 5091 967 5141; x_wconf 89' lang='lat' dir='ltr'><strong>enim</strong></span> <span class='ocrx_word' id='word_1_937' title='bbox 977 5090 1058 5138; x_wconf 84' lang='lat' dir='ltr'><strong>datam</strong></span> <span class='ocrx_word' id='word_1_938' title='bbox 1068 5093 1149 5138; x_wconf 91' lang='lat' dir='ltr'><strong>sancte</strong></span> <span class='ocrx_word' id='word_1_939' title='bbox 1158 5088 1263 5137; x_wconf 76' lang='lat' dir='ltr'><strong>servadt</strong></span> <span class='ocrx_word' id='word_1_940' title='bbox 1273 5103 1279 5135; x_wconf 75' lang='grc' dir='ltr'>ε</span> <span class='ocrx_word' id='word_1_941' title='bbox 1290 5087 1314 5135; x_wconf 93' lang='lat' dir='ltr'><strong>in</strong></span> <span class='ocrx_word' id='word_1_942' title='bbox 1324 5084 1428 5133; x_wconf 85' lang='lat' dir='ltr'><strong>amicitia</strong></span> <span class='ocrx_word' id='word_1_943' title='bbox 1437 5081 1536 5132; x_wconf 88' lang='lat' dir='ltr'><strong>colenda</strong></span> <span class='ocrx_word' id='word_1_944' title='bbox 1544 5084 1590 5131; x_wconf 89' lang='lat' dir='ltr'><strong>init</strong></span> <span class='ocrx_word' id='word_1_945' title='bbox 1599 5096 1654 5131; x_wconf 85' lang='lat' dir='ltr'><strong>rnn-</strong></span> 
     </span>
     <span class='ocr_line' id='line_1_128' title="bbox 905 5152 1653 5221; baseline -0.012 -11"><span class='ocrx_word' id='word_1_946' title='bbox 905 5166 970 5211; x_wconf 86' lang='lat' dir='ltr'><strong>stans</strong></span> <span class='ocrx_word' id='word_1_947' title='bbox 983 5160 1061 5209; x_wconf 90' lang='lat' dir='ltr'><strong>:utin</strong></span> <span class='ocrx_word' id='word_1_948' title='bbox 1075 5159 1169 5221; x_wconf 85' lang='lat' dir='ltr'><strong>justitia</strong></span> <span class='ocrx_word' id='word_1_949' title='bbox 1185 5158 1317 5208; x_wconf 83' lang='lat' dir='ltr'><strong>exercenda</strong></span> <span class='ocrx_word' id='word_1_950' title='bbox 1330 5153 1507 5217; x_wconf 85' lang='lat' dir='ltr'><strong>sceleribusque</strong></span> <span class='ocrx_word' id='word_1_951' title='bbox 1525 5152 1653 5217; x_wconf 86' lang='lat' dir='ltr'><strong>puniendis</strong></span> 
     </span>
     <span class='ocr_line' id='line_1_129' title="bbox 904 5223 1652 5290; baseline -0.013 -9"><span class='ocrx_word' id='word_1_952' title='bbox 904 5230 1086 5290; x_wconf 84' lang='lat' dir='ltr'><strong>severissimus,</strong></span> <span class='ocrx_word' id='word_1_953' title='bbox 1098 5230 1131 5278; x_wconf 89' lang='lat' dir='ltr'><strong>itu</strong></span> <span class='ocrx_word' id='word_1_954' title='bbox 1141 5241 1197 5289; x_wconf 88' lang='lat' dir='ltr'><strong>erga</strong></span> <span class='ocrx_word' id='word_1_955' title='bbox 1210 5229 1286 5277; x_wconf 90' lang='lat' dir='ltr'><strong>bonos</strong></span> <span class='ocrx_word' id='word_1_956' title='bbox 1303 5226 1425 5288; x_wconf 80' lang='lat' dir='ltr'><strong>fortesque</strong></span> <span class='ocrx_word' id='word_1_957' title='bbox 1440 5226 1505 5274; x_wconf 82' lang='lat' dir='ltr'><strong>ciros</strong></span> <span class='ocrx_word' id='word_1_958' title='bbox 1515 5223 1652 5275; x_wconf 77' lang='lat' dir='ltr'><strong>munificen-</strong></span> 
     </span>
    </p>
   </div>
   <div class='ocr_carea' id='block_1_21' title="bbox 904 5292 1653 5415">
    <p class='ocr_par' dir='ltr' id='par_1_27' title="bbox 904 5292 1653 5415">
     <span class='ocr_line' id='line_1_130' title="bbox 904 5292 1653 5415; baseline -0.015 -64"><span class='ocrx_word' id='word_1_959' title='bbox 904 5301 1015 5351; x_wconf 88' lang='lat' dir='ltr'><strong>tissimus</strong></span> <span class='ocrx_word' id='word_1_960' title='bbox 1031 5304 1056 5349; x_wconf 88' lang='lat' dir='ltr'><strong>et</strong></span> <span class='ocrx_word' id='word_1_961' title='bbox 1074 5312 1126 5350; x_wconf 87' lang='lat' dir='ltr'><strong>rem</strong></span> <span class='ocrx_word' id='word_1_962' title='bbox 1146 5300 1246 5348; x_wconf 85' lang='lat' dir='ltr'><strong>honeste</strong></span> <span class='ocrx_word' id='word_1_963' title='bbox 1262 5296 1436 5359; x_wconf 80' lang='lat' dir='ltr'><strong>acqcrireutitmr</strong></span> <span class='ocrx_word' id='word_1_964' title='bbox 1453 5294 1548 5356; x_wconf 81' lang='lat' dir='ltr'><strong>adjutor</strong></span> <span class='ocrx_word' id='word_1_965' title='bbox 1561 5292 1653 5415; x_wconf 43' lang='lat' dir='ltr'><strong>{acciit</strong></span> 
     </span>
    </p>
   </div>
   <div class='ocr_carea' id='block_1_22' title="bbox 0 0 1868 5943">
    <p class='ocr_par' dir='ltr' id='par_1_28' title="bbox 0 0 1868 5943">
     <span class='ocr_line' id='line_1_131' title="bbox 0 0 1868 5943; baseline 0 0"><span class='ocrx_word' id='word_1_966' title='bbox 0 0 1868 5943; x_wconf 95' lang='lat' dir='ltr'><strong> </strong></span> 
     </span>
    </p>
   </div>
  </div>
 </body>
</html>
