3725 5950
584 505 815 571 ‹neononm
844 505 1098 568 anaunnnm.
1589 457 1646 580 {xi-

339 636 453 697 LIBER
474 637 527 695 ΙΙΙ.

9 837 10 854 r
41 807 125 856 tanna.
139 809 159 856 l.
175 807 241 865 Quid
260 813 286 858 et
300 812 420 872 qnantum
434 807 570 871 imperatori
588 807 648 856 scire
662 808 694 856 sit
715 817 823 856 necessa-

66 878 145 937 rium,
162 881 273 928 Socrates
285 879 363 928 docet.
382 905 413 915 -
425 883 484 930 Gar.
502 881 535 929 ll.
550 877 690 928 ostenditur
701 890 823 926 summum

66 947 222 1009 imperatoris
230 949 337 1016 officium
353 963 458 998 essaeos
469 949 556 1012 quibus
567 948 649 1010 praesit
658 947 757 997 reddere
767 945 820 994 bea·

68 1022 115 1066 tos.
127 1045 158 1052 -
181 1021 241 1069 cta.
261 1022 305 1068 iil.
318 1020 420 1068 Guidam
441 1020 554 1082 praefecto
565 1019 675 1080 equitum
691 1021 771 1066 creato
783 1015 823 1064 de·

67 1091 189 1137 monstrat
198 1093 309 1139 socrates
321 1091 345 1138 in
355 1089 493 1151 officiosius
503 1101 557 1138 esse
567 1093 594 1137 nt
603 1092 628 1136 et
639 1101 715 1149 equos
726 1091 749 1135 et
759 1087 823 1149 eqni·

69 1163 109 1206 tes
117 1160 229 1210 uetares
236 1160 331 1210 efficiat.
342 1188 373 1196 -
383 1163 441 1210 Gar.
451 1162 494 1210 iv.
508 1161 618 1208 Socrates
628 1157 713 1206 docere
724 1161 824 1205 conatrrr

68 1229 161 1278 bonum
171 1226 304 1292 'choragum
311 1235 335 1280 et
344 1244 494 1280 aeconomum
507 1243 578 1294 posse
589 1229 662 1278 etiam
670 1241 723 1277 esse
732 1227 822 1292 bonnm

70 1301 251 1360 imperatorem.
266 1329 297 1337 —
313 1305 373 1350 cna.
390 1303 421 1350 V.
439 1305 474 1350 De
494 1299 634 1350 revocandis
653 1299 683 1348 ad
699 1297 823 1361 pristinam

72 1369 239 1419 lenitudinem
257 1375 281 1421 et
299 1371 437 1420 felicitatem
454 1369 648 1420 hibernensibus.
665 1396 696 1404 -
708 1373 767 1418 car.
780 1371 823 1417 Vi.

72 1441 221 1488 Glaucunem
240 1441 376 1503 imperitum
388 1441 564 1490 adolescentem
576 1438 744 1502 acapcssenda
755 1451 823 1500 repn-

72 1511 136 1560 biica
151 1511 241 1560 avertit
254 1515 372 1561 Socrates.
394 1538 425 1548 -
445 1514 502 1561 (tar.
522 1515 577 1562 illi.
591 1509 746 1562 Charmidem
757 1521 823 1558 rere·

72 1581 219 1630 candentem
232 1581 262 1630 ad
275 1582 446 1644 capessendam
455 1582 628 1645 rempublicam¹
636 1581 774 1630 cohortatur
783 1583 823 1628 So·

72 1655 159 1699 crates
174 1676 205 1687 -
222 1655 281 1702 Car.
296 1646 372 1701 vilt'
382 1651 501 1714 captiosis
520 1652 633 1716 Aristippi
648 1650 824 1714 quaestionibus

73 1721 105 1768 de
115 1721 178 1769 bono
186 1728 211 1770 et
222 1723 305 1784 pulcro
323 1723 451 1786 respondet
462 1727 579 1772 Socrates.
596 1749 627 1758 —
636 1726 695 1773 can.
713 1723 754 1770 lx.
764 1721 823 1770 'Sen-

74 1793 156 1842 nntiae
174 1793 279 1841 Socrads
292 1794 365 1842 rarlae
376 1792 407 1842 de
423 1793 575 1854 fortitudine,
597 1793 627 1842 de
645 1791 773 1856 sapientia,
793 1790 824 1838 de

99 1918 106 1929 ¹
197 1863 340 1926 haalhsque
349 1863 479 1912 virtutibus
488 1867 513 1912 et
522 1863 706 1912 rebus-(lae.
718 1864 748 1910 x.
762 1863 824 1910 cum

193 1947 207 1980 s
218 1932 249 1982 de
259 1935 367 1995 ipsorum
388 1939 440 1983 arte
454 1933 564 1994 disserit,
577 1937 648 1996 atque
660 1932 693 1981 ita
711 1930 824 1993 prodesse

74 2003 103 2050 iis
114 2002 196 2051 studet
204 2007 324 2053 socrates.
336 2029 365 2037 -
377 2006 436 2053 cna.
445 2006 486 2052 xi.
498 2006 560 2053 cum
567 2001 690 2052 Thoodota
700 2000 825 2050 meretrice

74 2073 104 2122 de
114 2079 167 2122 arte
178 2078 313 2123 anramrnm
324 2073 505 2123 alliciendorum
521 2071 688 2121 confabulatur
704 2074 823 2132 Socrates,

74 2171 104 2178 -
115 2147 174 2194 Cae.
185 2141 239 2193 nn.
250 2149 286 2194 De
295 2145 357 2194 bona
367 2143 516 2204 rectumne,
525 2143 637 2192 firmitate
646 2145 671 2190 et
679 2141 763 2190 robore
774 2154 825 2189 cor·

74 2217 137 2277 pinis
149 2229 193 2276 per
204 2215 317 2265 caecina
329 2215 476 2276 gymnastico
485 2213 628 2276 querendis.
643 2215 674 2247 -'
686 2214 745 2260 cnr.
758 2214 823 2261 ltili.

74 2287 147 2336 t'aria
159 2287 265 2335 Soc-ralis
277 2290 492 2336 commemorantur
504 2285 712 2347 apophthegmata.
723 2309 754 2318 --
768 2285 824 2332 cte.

75 2361 137 2406 xlv.
154 2359 284 2406 fflmones
303 2357 408 2406 &natis
427 2355 564 2405 connvales
584 2353 743 2416 frugalitatem
761 2366 825 2403 oom-

75 2427 195 2478 meant.

342 2541 456 2603 LIBER
476 2541 528 2603 1v.

48 2685 123 2732 cirta
135 2687 155 2732 l.
168 2683 274 2745 Exponit
288 2686 352 2732 artes
362 2683 441 2732 naias
451 2682 540 2747 quibus
549 2685 659 2732 socrate
665 2682 765 2744 juvenes
776 2678 826 2728 alli·

76 2753 163 2812 ciebat,
173 2765 307 2815 eorumque
314 2753 408 2815 ingenia
417 2751 585 2815 haerentque
594 2751 698 2802 indolem
705 2751 826 2812 tentabat,

77 2823 229 2884 explorabat,
246 2828 272 2872 et
281 2823 408 2886 disciplina
417 2837 461 2873 sna
476 2823 508 2873 ad
523 2824 640 2874 virtutem
655 2821 827 2885 capessendam

78 2894 189 2943 armans
198 2894 322 2944 excitabat
332 2907 424 2944 omnes
444 2921 475 2934 ν
486 2898 545 2945 cnr.
559 2898 590 2944 it,
604 2892 734 2944 mnhnnat
748 2905 826 2940 narra·

77 2965 163 3013 maen·
179 2963 345 3015 antecedentis
358 2965 444 3029 capitis
456 2965 565 3029 exemplo
580 2963 741 3027 Euthydemi‚
753 2976 827 3025 quem

77 3036 197 3097 apientire
210 3048 263 3085 suae
278 3034 390 3099 opinione
406 3035 514 3085 indatnm
532 3040 582 3084 tam
600 3034 642 3083 diu
661 3032 828 3093 interrogando

78 3110 155 3155 versat
170 3109 296 3165 Samma,
313 3106 391 3157 donec
405 3106 546 3155 coniteatur
561 3104 671 3154 omnium
688 3116 714 3153 se
732 3102 827 3153 illarum

78 3188 155 3223 rernm
169 3188 234 3237 quas
250 3180 322 3225 antea
336 3176 422 3227 mttere
431 3175 611 3227 existimauerat
619 3186 673 3224 esse
684 3172 754 3235 plane
765 3173 828 3233 igna-

77 3258 178 3293 rnm.-
189 3249 250 3295 can.
269 3249 312 3296 ill.
325 3250 433 3297 maiae
444 3260 492 3295 non
509 3248 577 3309 prius
593 3243 624 3292 ad
638 3256 688 3293 rem
707 3242 827 3306 publicam

75 3314 174 3373 insertas
185 3320 407 3381 autquamcnnque
421 3322 496 3367 artem
511 3312 683 3378 capessendam
692 3311 828 3361 incitandos

77 3397 128 3435 esse
138 3386 261 3437 statuebat
269 3400 342 3449 quam
356 3401 440 3437 worn
450 3387 544 3437 minus
556 3385 642 3435 fuisset
655 3385 782 3447 preceptis
797 3383 829 3433 ad

78 3456 191 3505 ertatem
204 3456 335 3520 formans,
348 3459 418 3520 cujus
434 3457 617 3507 fundamentum
636 3455 755 3519 sitpietas
773 3467 829 3517 erga

78 3526 142 3576 dana
175 3528 252 3589 Igitur
264 3527 443 3589 Eutlrpdemnm
452 3527 522 3577 docet
532 3528 578 3575 hoc
598 3526 675 3589 eapite
686 3526 745 3575 deos
756 3525 830 3574 homi·

80 3599 148 3646 mbas
160 3598 289 3647 consulere
301 3602 326 3647 et
335 3604 460 3662 propterea
470 3598 583 3647 colendos
594 3598 657 3647 esse
667 3624 698 3633 -
710 3599 768 3646 car.
786 3598 828 3645 lv.

80 3668 141 3718 turis
151 3668 232 3717 civilis
245 3671 272 3718 et
282 3668 397 3718 naturalis
406 3668 484 3719 fonhs
497 3673 522 3719 ei
535 3681 621 3717 causas
632 3668 710 3731 aperit
720 3669 829 3716 socrates

80 3752 132 3789 cum
144 3740 234 3802 llippia
246 3739 356 3800 sophista
367 3739 500 3803 disputans.
511 3766 543 3775 -
553 3742 613 3788 Gar.
626 3741 657 3787 V.
667 3741 828 3799 intemperan·

79 3811 118 3859 aa
126 3811 190 3859 mala
201 3808 371 3859 ostenduntur.
388 3836 420 3846 -
430 3812 488 3860 cae.
500 3813 544 3859 vl.
558 3813 639 3859 Artem
655 3808 716 3857 bene
732 3812 757 3856 et
765 3810 830 3857 recte

78 3880 108 3929 de
118 3894 145 3929 re
162 3886 309 3943 paemene
320 3880 443 3943 proposita
463 3879 596 3929 disserendi
614 3879 684 3927 docet
701 3876 829 3926 familiares

79 3964 135 4001 sues
145 3954 267 4001 Samias.
284 3976 316 3986 -
327 3954 386 4002 cte.
406 3954 461 4001 vti.
480 3953 635 4001 Detnonstrat
646 3952 755 4001 Socrates
772 3946 830 4009 qnid

79 4028 102 4071 et
117 4025 237 4084 mamam
252 4022 279 4071 in
289 4025 341 4072 arte
358 4034 467 4085 Quae,
485 4022 550 4070 velut
563 4020 706 4083 geometria,
724 4024 829 4067 astrono-

79 4094 139 4153 mh,
155 4091 322 4153 arithmetice,
333 4092 439 4153 medicea
451 4091 592 4142 elinandum
604 4091 646 4152 iit,
658 4089 718 4139 adeo
728 4094 754 4139 ut
766 4100 830 4151 quaa⁴

79 4162 198 4213 stirpibus
205 4155 329 4211 intedectn
336 4162 472 4212 difficilibus
481 4175 574 4226 usuque
584 4160 695 4231 inanibns
701 4158 830 4221 neglectis,

78 4247 117 4283 aas
130 4246 168 4283 res
179 4236 277 4282 tantum
283 4244 424 4294 cognoscere
432 4233 517 4295 jubeat
525 4244 581 4297 que
593 4232 623 4281 ad
633 4232 708 4281 vitam
717 4228 829 4279 domesti-

9 4332 10 4335 =
77 4318 128 4353 ram
141 4304 289 4365 cirilemque
302 4307 366 4354 recte
383 4302 554 4353 instituendam
570 4301 746 4366 gerendamque
757 4299 831 4362 perti·

77 4381 142 4425 aena
154 4396 188 4411 -υ
195 4376 256 4424 cir.
265 4375 333 4425 vni.
344 4378 527 4425 Demonstratur
536 4377 659 4425 socratem
669 4370 765 4435 capitali
770 4370 831 4437 jpdi-

76 4447 113 4495 cio
130 4444 322 4494 oandemnatnm
345 4444 444 4495 minine
461 4444 579 4495 mendmii
599 4444 630 4495 de
648 4444 767 4495 daemonio
786 4440 831 4490 sibi

76 4515 244 4577 ausiliante,
264 4514 286 4562 si
307 4513 366 4577 quid
385 4514 418 4563 sit
439 4514 600 4565 omittendum
621 4520 663 4565 aut
681 4515 831 4579 faciendum,

9 4622 11 4653 ἐ
76 4585 181 4646 ansgui.
216 4582 255 4634 Ad
269 4586 404 4633 mhemnm
422 4583 451 4633 tit
465 4583 668 4647 breviarepetitio
682 4590 831 4648 agumento
874 4592 876 4597 '

9 4676 10 4707 1
77 4670 130 4705 rum
139 4652 198 4720 qu‘ae
210 4654 306 4717 perboe
317 4654 502 4704 commentarios
513 4658 571 4705 sunt
582 4656 691 4705 hoehta

375 4804 505 4826 -οοο-

142 4920 431 5001 APOLOGIA
459 4915 733 5003 SO'CRATIS.

49 5096 104 5140 tum
125 5092 202 5155 rnlgo
220 5090 252 5141 ab
269 5090 314 5152 iis,
332 5090 374 5154 qui
391 5090 422 5141 de
440 5094 516 5141 morte
531 5094 636 5143 socratis
657 5096 831 5156 exposuerant,

9 5138 15 5207 i
75 5162 283 5225 magzrssoqneatia
295 5162 396 5226 quidem
411 5164 464 5224 ejus
483 5168 669 5213 commemorata
683 5168 762 5226 eset,
785 5165 832 5216 sed

74 5246 154 5283 musae
170 5246 222 5281 non
238 5232 318 5282 allata
333 5246 378 5282 cur
391 5232 431 5283 ille
445 5231 626 5295 jndicibus-non
638 5233 738 5297 supplan
755 5235 833 5287 factus

81 5302 172 5365 faerit,
195 5304 273 5355 mann
296 5316 339 5354 eos
358 5302 430 5353 dictis
456 5303 573 5366 facesque
599 5304 728 5355 irritaverit
749 5304 781 5355 ad
805 5319 831 5357 se

901 631 1064 682 damnandum
1081 637 1199 682 :conatur
1213 633 1354 693 magistrum
1367 633 1466 682 astulia
1480 632 1609 695 pertinacia
1617 633 1644 680 et

898 713 984 750 avano
998 702 1070 751 anian
1085 702 1149 752 fastu
1158 703 1291 763 vindicare,
1301 704 1466 766 ostenditque,
1481 702 1573 752 socrati
1586 705 1645 750 tunc

898 771 984 820 mehus
1000 772 1079 820 visum
1094 785 1148 822 esse
1163 773 1223 822 mori
1240 787 1312 836 quarn
1334 774 1425 823 diutius
1443 774 1531 821 virere.
1563 772 1644 821 hefert

898 841 970 901 igitur
981 841 1059 902 primo
1070 855 1218 903 samonem,
1227 858 1300 906 quem
1309 847 1470 904 hermogenes
1481 855 1538 892 cram
1547 847 1645 892 socrate

897 915 954 960 ante
966 911 1084 981 judicium
1100 913 1223 963 babuerat.
1257 914 1301 962 ilic
1314 915 1378 962 enim
1394 913 1531 961 admonitus
1541 912 1572 961 ab
1590 912 1645 970 illo,

898 987 969 1042 negat
982 996 1008 1032 se
1022 984 1086 1054 apud
1093 983 1187 1043 jndices
1198 997 1296 1032 causam
1308 983 1428 1032 dicturum
1437 996 1492 1033 esse
1498 1018 1505 1043 ‚
1516 997 1563 1031 non
1573 981 1645 1030 modo

899 1052 965 1112 quod
975 1063 1069 1115 semper
1080 1053 1112 1102 ab
1120 1053 1187 1102 ouini
1198 1053 1342 1104 abstinuerit
1352 1054 1449 1115 injuria,
1463 1053 1508 1101 sed
1521 1051 1588 1114 quod
1601 1063 1645 1099 aar·

898 1121 952 1181 pius
965 1122 1038 1170 eiam
1046 1121 1078 1170 de
1086 1135 1159 1172 causa
1167 1124 1271 1184 cogitare
1285 1123 1377 1172 nolenti
1387 1123 1448 1171 dens
1461 1121 1505 1170 sibi
1516 1119 1654 1180 obstiterit,

897 1192 954 1252 quia
963 1191 1015 1240 sine
1026 1192 1102 1242 dubio
1111 1193 1172 1242 bene
1185 1194 1216 1243 de
1234 1208 1261 1243 se
1272 1198 1354 1243 actum
1369 1194 1412 1252 sit,
1424 1194 1445 1242 si
1458 1193 1508 1254 jaan
1520 1191 1644 1240 moriatur.

897 1263 925 1308 ln
933 1260 1023 1321 jndicio
1038 1275 1138 1310 caumm
1153 1275 1223 1312 suam
1239 1276 1312 1325 agens
1325 1262 1444 1324 ostendit,
1453 1263 1541 1311 mirum
1556 1260 1603 1309 sibi
1613 1259 1646 1306 ri-

897 1329 957 1390 deri,
966 1330 1032 1393 quod
1040 1344 1055 1380 a
1064 1333 1144 1381 Melita
1154 1345 1210 1381 reus
1219 1334 1251 1381 sit
1264 1333 1342 1383 factus
1354 1333 1473 1395 religionis
1484 1335 1612 1381 contenere
1620 1331 1646 1377 et

895 1400 1031 1462 juventutis
1039 1407 1172 1465 corrnptoe;
1182 1416 1239 1451 cum
1248 1406 1329 1452 tamen
1337 1416 1405 1452 sacra
1411 1403 1493 1452 fecerit
1499 1403 1524 1450 in
1530 1400 1645 1450 altaribus

897 1471 1013 1534 publicis,
1023 1471 1094 1522 adeo
1101 1472 1240 1522 admonitae
1249 1473 1281 1522 sit
1294 1473 1325 1522 de
1335 1473 1407 1522 rebus
1417 1474 1483 1535 suis,
1492 1473 1524 1521 ab
1537 1467 1645 1533 Apolline

897 1540 993 1590 laudem
1001 1543 1160 1593 maximarum
1169 1546 1288 1592 virtutum
1296 1543 1398 1606 adeptus
1408 1545 1453 1602 sit,
1462 1544 1564 1604 eamque
1573 1540 1647 1588 veris·

898 1611 983 1660 simam
992 1618 1132 1675 propterea,
1142 1613 1341 1677 quodaoorporis
1356 1613 1520 1675 voluptatibus
1530 1610 1648 1660 abstinue-

898 1681 938 1740 rit,
949 1681 1019 1730 alieni
1028 1695 1078 1732 non
1085 1688 1203 1745 appetens
1213 1683 1348 1734 mercedem
1356 1697 1400 1746 pro
1409 1682 1536 1744 disciplina
1543 1679 1647 1740 exegerit

900 1753 1000 1814 nullam,
1010 1753 1119 1802 discendi
1127 1753 1258 1816 cupiditate
1270 1767 1366 1817 semper
1375 1754 1486 1816 flagrarit,
1496 1751 1580 1800 multis
1590 1750 1647 1798 viris

898 1821 968 1870 bonis
978 1827 1061 1883 gratim
1070 1828 1232 1886 acceptusque
1246 1824 1331 1884 fuerit,
1347 1824 1432 1886 panes
1443 1826 1571 1872 contentus
1581 1821 1646 1868 rire·

898 1892 939 1954 rit,
946 1898 970 1942 et
980 1893 1071 1942 nullius
1080 1906 1159 1942 mores
1169 1893 1315 1958 depravarit
1346 1893 1509 1951 Quamobrem
1518 1892 1648 1940 damnatus

898 1961 1042 2024 aiudicibos
1052 1964 1118 2012 litem
1129 1965 1262 2023 aestimare,
1271 1969 1299 2014 ut
1311 1963 1453 2014 innocentiae
1467 1975 1519 2012 suae
1534 1961 1579 2010 sibi
1593 1972 1648 2008 coa-

899 2033 979 2093 soius,
988 2035 1081 2084 noluit:
1096 2035 1138 2083 sed
1150 2034 1272 2098 impietate
1281 2048 1310 2083 ac
1319 2033 1467 2096 turpitudine
1477 2032 1580 2082 testibus
1586 2029 1649 2092 judi·

897 2104 1014 2166 cibusque
1025 2105 1119 2166 objecta
1127 2105 1197 2160 laeua
1206 2119 1220 2153 e
1226 2104 1316 2166 judicio
1329 2105 1395 2153 abiit.
1429 2103 1525 2154 abacos
1533 2117 1547 2150 e
1556 2100 1649 2164 judicio

899 2186 981 2222 mum
990 2173 1140 2224 discedentes
1152 2187 1167 2223 a
1177 2175 1283 2223 lacrimis
1294 2174 1416 2224 abstinere
1431 2187 1461 2223 ao
1475 2172 1553 2222 laetari
1570 2170 1649 2233 potius

897 2243 967 2304 jubet
986 2258 992 2291 ε
1008 2243 1144 2306 Apollodori
1163 2256 1219 2294 vero
1236 2244 1336 2292 stultam
1347 2243 1469 2305 querelam
1484 2246 1586 2292 venuste
1605 2251 1651 2289 nee

900 2315 952 2364 sine
962 2315 1012 2364 risu
1022 2313 1130 2376 castigat
1143 2313 1228 2376 Anyti,
1241 2314 1387 2363 aoensatoris
1396 2314 1448 2373 sui,
1458 2313 1533 2362 lilium
1542 2310 1651 2374 pedeti

900 2384 931 2435 ad
945 2398 1017 2446 grave
1025 2387 1051 2434 et
1059 2385 1187 2434 eaihomm
1196 2384 1294 2447 aliquod
1303 2382 1389 2452 vidum
1397 2395 1452 2434 essa
1464 2383 1631 2448 prolapsurum
1642 2394 1650 2428 r

900 2454 966 2520 quod
974 2454 1062 2505 evenit.

1210 2594 1328 2616 -00-

1066 2697 1458 2778 OECONOMICUS.

871 2851 981 2901 darual.
995 2853 1104 2902 Socrates
1116 2849 1147 2900 de
1157 2850 1289 2903 araneosa
1302 2848 1468 2912 disputaturus
1481 2847 1596 2911 principia
1605 2846 1651 2896 dis-

900 2921 1031 2987 putationis
1043 2921 1161 2970 subtiliter
1169 2920 1237 2985 ponit
1245 2920 1399 2982 ostenditque
1412 2932 1466 2968 csse
1475 2922 1651 2967 messeanam

901 2992 999 3057 quidem
1011 3006 1067 3055 qnae
1075 2992 1100 3042 in
1116 2990 1304 3041 administranda
1315 2992 1387 3041 domo
1396 2991 1447 3039 sire
1459 3003 1503 3039 sna
1514 2989 1652 3038 siccatione

902 3067 1013 3112 comatur
1022 3076 1029 3110 τ
1039 3061 1176 3112 addomum
1186 3062 1336 3111 mierendnm
1343 3074 1397 3110 esse
1405 3060 1523 3124 quidquid
1534 3060 1652 3110 bonorum

901 3132 957 3195 quis
973 3132 1118 3195 possideat:
1131 3132 1156 3180 in
1174 3132 1243 3181 bonis
1263 3146 1321 3181 vero
1337 3130 1512 3180 numerandum
1534 3144 1587 3181 esse
1604 3144 1653 3193 quo

902 3201 957 3264 quis
968 3203 1004 3251 sic
1021 3204 1057 3251 uti
1071 3203 1186 3265 possitut
1203 3201 1295 3250 fructus
1313 3198 1368 3250 mde
1386 3200 1516 3263 pereipiat,
1530 3200 1653 3251 scientiam

902 3275 984 3319 arrtem
1001 3272 1076 3321 solam
1085 3272 1120 3320 rei
1129 3270 1253 3319 familiaris
1269 3269 1465 3338 administrandae
1484 3284 1532 3319 non
1544 3272 1654 3320 snltloere

902 3340 933 3401 ad
943 3341 1038 3391 landem
1053 3342 1110 3391 boni
1122 3341 1316 3404 patrisfamilias,
1332 3340 1379 3389 nisi
1391 3340 1446 3402 quis
1459 3341 1491 3389 sit
1502 3340 1563 3390 liber
1576 3354 1590 3389 a
1601 3354 1654 3403 pra·

902 3412 941 3461 vis
959 3412 1146 3474 cupiditatibus,
1162 3410 1219 3473 quia
1232 3412 1274 3472 qui
1286 3411 1341 3460 istis
1354 3408 1477 3471 indulgeat
1491 3410 1523 3458 sit
1534 3423 1619 3459 servus
1630 3412 1654 3458 et

902 3482 1020 3531 bonorum
1029 3495 1084 3545 quae
1094 3482 1180 3531 habeat
1190 3481 1387 3541 faciatjacturam.
1399 3508 1429 3515 -
1441 3484 1499 3528 Gan.
1513 3483 1545 3528 ll.
1556 3480 1655 3529 Festive

902 3552 1008 3603 ostendit
1024 3557 1135 3603 Socrates
1149 3552 1273 3602 critobulo
1288 3551 1380 3600 bomini
1397 3551 1456 3600 satis
1473 3550 1538 3600 lanto
1557 3564 1583 3600 se
1601 3564 1656 3600 osse

902 3623 1017 3684 divitem,
1027 3622 1107 3686 ipsum
1117 3622 1188 3671 valde
1204 3634 1341 3685 pauperem.
1375 3622 1594 3679 Quareexcitatos
1605 3621 1655 3671 cri·

903 3692 1001 3741 tobulus
1013 3691 1166 3741 vehementer
1176 3691 1208 3740 ab
1215 3705 1243 3740 eo
1253 3690 1377 3740 contendit
1383 3695 1412 3740 ut
1423 3704 1450 3740 se
1460 3691 1559 3740 modum
1571 3704 1656 3753 augen-

903 3763 942 3812 dae
952 3763 986 3812 rei
1005 3762 1128 3811 familiaris
1138 3762 1232 3811 doceat.
1265 3761 1405 3824 Respondet
1415 3765 1525 3812 Socrates
1542 3776 1568 3811 se
1585 3762 1656 3812 istam

903 3837 980 3882 mem
990 3846 1039 3881 non
1048 3832 1149 3891 callere,
1161 3831 1204 3881 sed
1219 3831 1278 3880 alios
1294 3831 1317 3880 ei
1327 3844 1381 3880 esse
1393 3836 1582 3881 monstraturum
1592 3833 1657 3884 mide

904 3916 957 3953 eam
966 3902 1058 3951 discam
1067 3902 1156 3963 possit,
1169 3900 1191 3949 si
1204 3902 1271 3950 velit.
1282 3927 1313 3935 —
1324 3903 1383 3951 cae.
1396 3904 1439 3950 lll.
1453 3905 1564 3951 Socrates
1573 3908 1657 3952 auctor

903 3977 942 4023 est
951 3972 1075 4022 Critobulo
1091 3974 1118 4020 ut
1130 3972 1205 4020 vitam
1217 3971 1376 4033 institutaque
1395 3970 1504 4033 inspiciat
1519 3984 1603 4020 eorum
1614 3974 1656 4035 qni

904 4056 955 4092 rem
968 4042 1006 4093 vel
1015 4042 1079 4092 male
1088 4042 1126 4091 rel
1135 4042 1197 4092 bene
1211 4040 1387 4091 administrent.
1420 4044 1482 4091 Esse
1493 4042 1557 4092 enim
1567 4042 1600 4091 ait
1614 4043 1657 4106 qui

904 4113 970 4163 redes
983 4114 1059 4163 bom
1075 4113 1196 4162 sumtibus
1217 4112 1323 4174 exiguis,
1342 4124 1397 4161 esse
1419 4112 1460 4173 qni
1481 4113 1556 4162 malas
1574 4114 1657 4163 multis

904 4187 1050 4232 exstruant:
1067 4183 1128 4232 alios
1146 4182 1230 4231 ordire
1247 4182 1356 4243 neglecto
1374 4180 1499 4244 multiplici
1516 4184 1658 4246 supellectili

905 4253 942 4303 uti
948 4254 1023 4313 male;
1035 4252 1095 4303 aiios
1109 4257 1177 4302 curta
1187 4254 1248 4303 bene
1258 4258 1283 4302 et
1292 4252 1419 4303 commode
1436 4266 1442 4300 :
1456 4252 1558 4302 aliorum
1576 4266 1659 4303 servos

905 4324 998 4373 vinctos
1007 4324 1132 4386 aufugere,
1145 4324 1244 4372 aliorum
1254 4324 1357 4373 libenter
1366 4328 1497 4386 manereet
1507 4337 1570 4387 opus
1581 4326 1659 4375 facere

905 4394 991 4444 amulo
1004 4408 1010 4442 :
1023 4394 1083 4443 elios
1096 4394 1128 4442 ab
1143 4393 1287 4455 agricultura
1306 4406 1423 4456 pauperes
1439 4393 1505 4455 lieri,
1524 4393 1585 4443 alios
1603 4394 1659 4443 inde

905 4462 1046 4526 locupletari
1058 4477 1064 4510 :
1078 4462 1137 4512 alios
1148 4463 1180 4511 ob
1190 4462 1297 4512 studium
1310 4464 1344 4512 rei
1356 4464 1476 4526 equestris
1487 4463 1519 4511 ad
1528 4468 1658 4527 egestatem

906 4533 981 4594 redigi
988 4569 995 4594 ,
1017 4532 1077 4582 alios
1087 4532 1143 4582 inde
1155 4532 1258 4581 multum
1271 4532 1425 4584 lucrifacere
1436 4547 1443 4581 ε
1453 4534 1555 4583 aliorum
1571 4548 1659 4585 uxores

906 4603 937 4651 ad
946 4616 998 4653 rem
1013 4603 1147 4665 aagendam
1155 4603 1278 4664 conferre,
1289 4604 1392 4657 aliorum
1403 4604 1435 4653 ad
1451 4605 1637 4655 imminuendam
1651 4622 1657 4653 :

906 4686 932 4723 se
941 4678 966 4724 et
975 4678 1109 4724 monstrare
1118 4686 1188 4736 posse
1200 4674 1309 4724 homines
1317 4676 1361 4737 qui
1371 4675 1476 4739 reliquas
1482 4680 1547 4725 artes
1557 4676 1659 4726 scienter

906 4748 1031 4795 exerceant
1042 4758 1048 4791 ε
1058 4743 1191 4793 attalanae
1198 4743 1297 4807 quidem
1309 4744 1417 4794 animam
1427 4746 1659 4811 etoorpusfrangere

906 4819 931 4864 et
940 4814 1101 4877 repudiandas
1112 4828 1179 4875 esse;
1190 4815 1234 4865 sed
1245 4815 1302 4865 belii
1318 4816 1416 4879 gerendi
1430 4821 1454 4866 et
1463 4818 1513 4881 agri
1521 4818 1613 4870 colendi
1623 4833 1660 4869 ar-

906 4890 944 4935 tes
956 4887 1026 4935 unice
1036 4886 1163 4935 convenire
1175 4887 1306 4937 critobulo.
1322 4914 1353 4923 -
1365 4890 1423 4937 cte.
1434 4891 1476 4939 lv.
1491 4890 1527 4939 Ad
1539 4903 1658 4939 commen-

907 4952 1012 5004 dandam
1020 4968 1072 5005 rem
1081 4956 1208 5005 militarem
1218 4962 1243 5007 et
1251 4957 1422 5019 agriculturam
1431 4962 1540 5009 socmta
1549 4961 1659 5023 exemplo

907 5025 970 5087 regis
981 5030 1110 5075 Persarum
1120 5027 1207 5087 utitur,
1219 5032 1244 5077 et
1254 5028 1415 5078 uenationem
1429 5028 1495 5078 addit
1507 5029 1537 5079 de
1547 5032 1603 5094 cyri
1613 5033 1658 5080 rni-

906 5095 974 5145 neris
985 5096 1223 5157 erga'agriealturam
1237 5097 1332 5159 studio,
1345 5102 1441 5162 propter
1458 5098 1524 5161 quod
1538 5100 1659 5161 Lysander

907 5164 1236 5228 aliqrrandoeumadmiratns
1242 5167 1387 5218 sit—cnr.
1395 5171 1425 5217 V.
1434 5168 1657 5231 tandatnragrieul·

907 5240 962 5285 tura
978 5236 1043 5298 qnod
1060 5234 1169 5285 studium
1187 5236 1251 5286 illins
1272 5237 1304 5286 sit
1322 5237 1471 5300 ineundum,
1488 5253 1540 5288 rem
1559 5246 1658 5303 augeat,

908 5318 1007 5369 corpora
1023 5305 1162 5356 corroboret
1180 5306 1250 5357 etad
1266 5307 1376 5358 militiam
1392 5314 1449 5373 apta
1464 5308 1563 5372 reddat,
1576 5311 1659 5361 dooeat
