3725 5950
449 452 463 482 “
556 485 751 548 urseolus
772 481 923 546 onnes
943 478 1194 542 ansuamrtna.
1637 489 1676 530 xv
1730 507 1733 510 .

106 625 218 680 praetores
227 619 412 670 Atheniensium
420 629 477 667 suos
484 617 525 680 qul
532 617 650 682 perierant
657 616 682 664 ln
689 628 768 678 pugna
778 611 857 664 amari

5 666 7 758 ἒ
106 685 858 752 uousnstuleraut,capiiisomnessuntdarnusti,lrustraqua

5 761 6 792 i
105 772 147 806 eus
162 757 269 808 defendit
282 759 477 822 lturypioiemus

384 909 498 970 LIBER
518 909 556 968 li.

78 1055 157 1101 Carus
165 1055 185 1102 i.
193 1055 294 1104 inierim
300 1055 430 1104 Eteouirns
439 1055 463 1104 in
473 1053 533 1105 cbio
539 1053 638 1117 penuria
647 1051 824 1111 laborabat,lta
832 1055 860 1099 ut

929 605 1277 670 quiiuisseutinurbe‚tutum
1286 603 1333 654 sibi
1341 601 1488 651 inealorsrm
1496 611 1543 646 uon
1552 600 1675 660 putarent,

929 678 961 728 iis
971 681 1078 740 potestas
1088 681 1153 726 esset
1163 675 1276 726 Eleusina
1286 671 1410 734 migrandi.
1429 669 1509 720 Partito
1520 671 1574 730 yrosi
1585 679 1641 715 cum
1652 665 1677 714 bi

929 760 959 798 es
976 747 1089 798 Eleusine
1101 746 1190 796 bellum
1206 749 1342 803 moverent,
1358 754 1444 790 corum
1456 738 1560 788 ducibus
1573 737 1677 785 choum

929 819 1009 866 reutis
1023 817 1180 868 Athenmses
1189 817 1240 878 iege
1248 813 1377 878 ἀμνηστίας
1386 809 1518 862 decorum
1528 820 1614 858 omues
1626 819 1678 856 sus·

1196 998 1308 1057 LIBER
1329 996 1380 1054 111.

106 1123 158 1183 ejus
174 1125 266 1174 milites
280 1127 455 1189 conspirahone
471 1125 531 1175 iacta
543 1125 630 1173 (thium
643 1122 744 1186 diripere
761 1121 856 1171 vellent.
901 1142 920 1190 0
923 1152 983 1188 „m
990 1141 1009 1189 1,
1017 1141 1080 1200 cyro
1086 1137 1175 1186 amp,
1181 1134 1414 1186 uoeqaefflonjofflm
1422 1129 1634 1196 wemmam
1642 1135 1680 1178 pf.

107 1194 152 1242 ssi
164 1209 207 1242 ees
217 1196 348 1258 prudenter
358 1197 467 1246 cohibuit
475 1201 499 1246 ei
508 1199 605 1258 accepta
619 1207 633 1244 a
644 1193 711 1244 dhis
721 1193 821 1256 petuma
829 1193 859 1241 iis

108 1265 178 1312 solrit
191 1267 347 1328 stipendium.
359 1267 405 1316 scd
414 1271 494 1316 husen
505 1266 558 1316 chii
572 1263 703 1326 reliquique
713 1263 860 1312 Lacedamo

108 1333 202 1382 ιιιοῐιιιιι
211 1335 271 1384 socii
282 1337 357 1386 alium
366 1337 546 1399 imperatorem,
556 1341 581 1385 et
587 1333 739 1397 Lysandrum
747 1333 858 1396 quidem,

108 1404 236 1466 petierim.
264 1406 437 1457 Lacedaemonii
448 1411 527 1457 autem
538 1407 567 1456 iis
577 1407 693 1455 miscmni
702 1409 804 1453 Aracum
814 1406 858 1464 Ly·

5 1507 6 1522 ,
108 1473 407 1538 sandroady'unctolegato.
420 1477 548 1539 ,Lysander
560 1489 574 1525 a
584 1479 647 1538 (tyro
661 1475 859 1538 pecuniainsiru-

109 1551 162 1592 etus
175 1547 292 1596 exercitui
306 1548 453 1611 stipendium
464 1547 549 1608 solvit,
565 1551 589 1597 ct
603 1546 745 1609 expugnatis
761 1544 860 1595 cedreis

5 1661 6 1674 ,
111 1615 189 1664 Cariae
209 1617 307 1666 evitato
329 1618 511 1668 Atheniensium
523 1618 601 1680 socia,
621 1618 718 1678 nauigat
738 1615 859 1666 iihodum.

5 1737 6 1740 ,
109 1686 269 1736 Athenienses
275 1691 355 1738 autern
365 1688 454 1738 chium
464 1693 487 1738 et
499 1689 619 1752 Ephesum
630 1688 794 1736 transmittunt
801 1690 826 1736 ei
834 1700 861 1736 se

108 1756 342 1820 pamntadpugnam
349 1759 464 1808 nornen.
481 1763 543 1808 Tum
553 1758 673 1820 Lysander
681 1758 861 1820 Hellespontum

107 1825 168 1886 petit
184 1831 210 1875 et
221 1829 380 1889 Lampsacum
394 1834 553 1892 expugnatam
572 1829 688 1878 militibus
704 1827 860 1890 diripiendam

108 1893 183 1944 dedit.
219 1897 375 1948 Attenienses
385 1899 442 1950 item
452 1900 505 1948 illos
515 1899 631 1963 persecuti
641 1898 671 1947 ad
681 1898 861 1961 Hellespontum

108 1966 272 2030 mntendunt,
286 1973 311 2018 et
325 1970 356 2018 ad
370 1973 550 2033 sgospotsmos
567 1973 648 2033 spreto
662 1968 803 2028 Alcibiadis,
819 1969 861 2031 qui

108 2048 183 2098 prope
193 2036 329 2100 habitabat,
338 2041 450 2100 consilio,
458 2053 513 2089 orm
522 2039 812 2102 Lysandroinieiicissinsa
819 2053 861 2102 pu·

108 2118 154 2166 gna
164 2105 310 2170 eonhignnt,
320 2110 430 2172 imparati
438 2111 519 2176 abillo
530 2110 646 2174 oppressi.
659 2114 744 2159 conon
754 2123 809 2158 oum
822 2123 861 2158 no·

108 2189 165 2224 rem
176 2177 282 2228 medrus
292 2183 399 2242 cyprum
411 2181 441 2229 ad
449 2185 581 2244 [inmotam
594 2180 653 2242 sugit
665 2196 670 2228 ι
684 2181 774 2244 reliqua
783 2181 863 2228 omnia

107 2251 187 2308 septa
206 2250 364 2300 Athenienses
371 2264 454 2300 omnes
462 2256 518 2301 sunt
527 2251 754 2300 nesah—canii.
765 2251 863 2302 Paratus

108 2316 178 2396 atavis
193 2331 249 2367 eum
266 2321 378 2370 nuntium
394 2322 424 2370 de
438 2323 573 2372 edamitate
589 2321 726 2386 pertulisset
745 2322 862 2384 Athenas,

107 2390 402 2453 etresomniaparant,ui
411 2396 500 2441 certam
506 2392 656 2442 ohsidionem
662 2393 797 2442 tolerarent.
806 2395 862 2442 iius

108 2471 123 2505 a
138 2460 274 2538 Pausania,
290 2461 525 2512 Lacedaemoniorum
540 2475 608 2524 rege,
622 2467 646 2512 et
658 2462 785 2524 Lysandro
800 2466 864 2512 terra

108 2539 220 2590 mamque
235 2529 277 2577 diu
288 2530 409 2592 obsessis,
421 2545 476 2581 cum
484 2533 561 2581 multi
573 2533 635 2582 ianae
646 2537 863 2596 morerentur,‚pas

108 2598 222 2646 manmit
233 2598 273 2648 his
280 2599 372 2660 legibus
380 2604 408 2649 ut
417 2613 491 2650 nares
498 2601 590 2650 nonnisi
600 2600 727 2651 duodecim
736 2603 863 2664 haberent,

108 2667 369 2746 essulesrerecareni,
378 2671 589 2720 drueeutmuros
596 2670 864 2732 iougusetLaeedmmo

109 2736 155 2784 aris
163 2750 238 2786 unane
250 2739 378 2802 imperium
388 2741 515 2790 traderem.
524 2767 554 2776 -
561 2744 619 2790 cte.
631 2743 672 2790 iil.
680 2743 784 2804 imperio
794 2742 863 2792 Athe·

108 2819 195 2855 aarum
206 2809 304 2869 triginta
311 2811 370 2860 riris
379 2810 467 2860 tradito
474 2809 596 2872 Lysander
604 2815 702 2860 Samum
711 2816 831 2873 expugnat
839 2817 864 2862 et

108 2889 197 2956 magna
207 2891 222 2927 e
234 2883 285 2929 tete
299 2880 362 2930 bello
373 2882 473 2944 pecunia
483 2881 574 2930 ditatus
589 2883 699 2944 spartam
711 2881 780 2930 redit.
814 2882 863 2932 Tri

108 2948 223 3009 grutariri
236 2961 293 2999 mm
308 2949 373 3013 leges
382 2951 532 3002 transcribere
543 2949 670 3012 deberent,
684 2952 862 3015 magistratibus

108 3020 179 3069 noris
191 3020 330 3070 constitutis
343 3026 368 3071 et
380 3022 492 3085 presidio
505 3022 675 3085 harmoniaque
688 3024 864 3073 aLaoedeemo·

109 3091 155 3139 uiis
166 3094 276 3153 expetito
283 3092 411 3155 prolubitu
419 3094 535 3156 optimum
545 3106 665 3155 quemque
674 3094 705 3143 ad
713 3100 815 3143 moriem
825 3095 866 3145 du·

109 3161 204 3210 oebma
237 3163 325 3211 critias
337 3164 446 3226 princeps
455 3163 669 3225 Trigintarimrum
677 3176 732 3213 eum
745 3178 759 3214 e
768 3166 865 3228 collegis

109 3232 285 3281 theramenem
292 3235 395 3284 inarime
403 3233 865 3299 haberetadversarium‚leniusquippe

110 3301 270 3363 sentientem,
280 3316 311 3351 ne
322 3303 379 3351 huic
392 3305 495 3367 populus
509 3316 535 3352 se
546 3306 688 3366 applicaret,
701 3318 727 3354 re
740 3318 796 3354 cum
811 3307 865 3355 reli·

110 3371 166 3433 quis
175 3372 458 3435 composita,triamiliia
466 3374 557 3423 cisium
566 3374 798 3437 legitquisummam
807 3388 865 3425 rem

111 3440 235 3503 publicam
252 3441 406 3492 defenderent
425 3460 432 3492 :
451 3446 556 3507 rehquos
574 3458 640 3493 arma
657 3444 750 3495 tradere
770 3445 864 3507 y'ubcnt.

110 3511 173 3561 ilina
184 3512 359 3561 Theramenem
369 3513 394 3561 iu
405 3518 489 3563 mnata
504 3514 592 3564 critias
603 3514 743 3577 proditionis
759 3522 864 3565 aceusat.

111 3582 212 3643 Egrep'e
224 3594 252 3630 se
268 3582 374 3632 defendit
385 3582 425 3634 ille
440 3584 501 3633 adse
517 3588 544 3633 ui
560 3589 658 3634 senatus
670 3598 728 3639 eum
742 3584 865 3635 absolvere

112 3651 172 3699 reite
191 3650 323 3701 rideretur.
357 3654 405 3705 sed
420 3654 540 3703 ιιιιιιιιιιιιι
555 3666 615 3704 usus
627 3654 715 3704 critas
729 3659 753 3706 et
767 3656 865 3705 arcuatis

111 3720 252 3771 hominihus
266 3723 387 3773 bominem
405 3723 436 3774 ad
454 3724 601 3789 supplicium
618 3723 723 3774 abstrahi
740 3726 816 3787 jubet.
834 3754 865 3764 —

111 3794 172 3840 Cae.
184 3794 301 3842 1V.Tum
310 3794 474 3856 Thrasybulus
484 3795 588 3855 Thebis,
600 3808 649 3858 quo
659 3794 729 3843 multi
739 3797 866 3846 Athenien·

112 3862 175 3912 sirsm
186 3864 284 3913 eastsies
293 3867 484 3927 secontulerant,
492 3878 547 3915 eum
555 3866 637 3929 paucis
645 3865 766 3929 proiectus
775 3868 866 3931 Phylen

111 3932 237 3983 muitum
258 3942 373 3997 occupat,
393 3940 418 3985 et
437 3940 558 3987 crescente
574 3949 673 3986 suorum
690 3948 788 3987 numero
808 3952 865 3989 mox

113 4008 271 4069 tyrannorum
283 4006 367 4067 copias
384 4004 415 4053 sd
429 4006 630 4068 oppugnationem
647 4006 734 4067 Phyies
748 4008 866 4069 protectas

112 4074 194 4123 mucis
229 4076 273 4134 lii,
283 4080 310 4124 ut
321 4076 435 4126 traherent
448 4077 596 4139 periugium,
607 4077 719 4126 Eleusina
732 4082 864 4139 occupant,

5 4202 6 4207 Ἰ
112 4143 197 4191 lineolis
213 4144 304 4193 nefaria
320 4145 403 4193 iraude
418 4146 595 4197 circumventis.
628 4152 681 4197 iarn
700 4148 865 4208 Thrasybulus

112 4216 186 4261 noctu
198 4214 317 4263 Hreem
326 4223 441 4277 oempat,
453 4222 477 4265 ei
488 4230 543 4265 moa
557 4218 583 4265 in
595 4218 722 4278 biuttyehia
735 4216 813 4266 tundit
822 4218 866 4266 ad·

5 4294 6 4299 ¹
111 4282 616 4353 sersadosmuaiupugnateeiditcritias.
649 4286 756 4335 Tandem
764 4288 866 4349 populus

5 4362 7 4409 ι
110 4353 866 4418 snogsmhigtntarnomnimpertonaoemvirescrest.cum

5 4442 6 4495 ι
111 4424 866 4489 nebaeeoaxsulesseruagismagisqueoontirmarent‚rursus

5 4528 6 4539 ,
112 4494 239 4556 Lysander
254 4496 332 4545 seeitu
356 4498 460 4546 maxime
475 4498 571 4559 triginta
591 4498 697 4548 virorum
716 4511 771 4547 cum
794 4498 865 4548 tratre

5 4580 6 4583 ¹
111 4566 236 4614 navarcho
247 4566 325 4627 verit,
339 4570 366 4615 ui
374 4567 469 4617 exsules
478 4572 543 4618 terra
552 4567 659 4631 marique
668 4568 818 4618 obsessossd
828 4568 866 4618 de·

112 4636 231 4685 ditionem
245 4637 423 4699 compellerent.
456 4640 516 4696 Quae
525 4644 565 4688 res
574 4652 629 4688 cum
639 4652 668 4688 ex
681 4639 798 4687 sententia
812 4652 864 4688 suc·

110 4705 199 4755 cedere
209 4705 340 4767 rideretur,
355 4708 484 4758 Pausanias
499 4709 610 4759 insidens
620 4708 755 4771 Lysandro,
769 4711 866 4759 nomine

110 4774 749 4841 quidemsubsidiueireuii,sedmipsa‘ibrasybuln.
782 4783 866 4841 itaque

111 4850 169 4907 pust
182 4846 246 4895 ieris
259 4848 379 4911 cumipse
393 4848 474 4911 praetia
490 4850 552 4899 clam
568 4850 599 4899 ad
616 4850 741 4913 uiuasque
757 4850 866 4900 iectionis

111 4916 273 4965 Athenienses
282 4918 348 4966 misit
354 4930 460 4981 ,eosque
467 4919 585 4982 permovit
597 4924 624 4968 ut
630 4918 865 4970 Lacedaemoniorum

111 4986 212 5035 arbitris
223 4998 250 5034 se
259 4998 351 5050 esuque
361 4988 391 5036 ad
401 4990 573 5039 restituendam
582 4992 732 5041 concordiam
743 4991 864 5055 permitte·

111 5059 174 5137 rest
207 5057 382 5107 insomnii
401 5072 456 5122 ergo
472 5060 588 5110 mheunt
608 5060 743 5123 quindecim
759 5062 863 5123 imatos,

111 5140 153 5203 ‘¹¹3¹
173 5140 231 5177 eum
246 5129 365 5178 Pausania
380 5142 418 5178 res
434 5131 614 5181 Atheniensium
633 5132 670 5182 his
687 5132 865 5182 conditionibus

110 5204 314 5260 composuerunt,
328 5204 355 5249 at
366 5198 391 5247 hi
403 5200 464 5249 iuter
475 5214 501 5250 se
510 5214 593 5263 pacem
613 5202 727 5253 haberent
743 5208 768 5253 et
779 5203 809 5252 ad
821 5215 865 5252 sua

111 5268 866 5335 qshqussegoiiapsaeiermagistratusredireutmiquleetum
885 5279 889 5303 ¹

931 1214 1054 1258 taaersem
1068 1208 1166 1256 tratrem
1178 1206 1272 1256 samius
1284 1204 1420 1254 navarchus
1437 1206 1515 1251 tutum
1526 1200 1557 1248 ad
1572 1199 1680 1250 ciliciam

931 1281 1029 1341 prestat
1039 1278 1093 1327 iter.
1126 1277 1215 1326 Graecis
1228 1275 1336 1325 Asiaticis
1352 1277 1434 1322 contra
1444 1271 1627 1335 Tissaphemsm
1639 1282 1680 1318 au·

931 1349 988 1398 silio
997 1349 1096 1397 mittunt
1104 1346 1276 1398 Lacedaemenii
1285 1344 1468 1402 Thimbronem,
1477 1342 1516 1391 eui
1525 1340 1681 1391 Athenienses

931 1419 1064 1480 adjungunt
1079 1417 1184 1480 equites,
1198 1430 1260 1478 quos
1270 1416 1296 1464 in
1307 1415 1370 1464 heliu
1385 1414 1461 1476 perire
1471 1411 1607 1475 cupiebant.
1641 1411 1681 1460 Sis

931 1487 1082 1538 mediocriter
1091 1487 1223 1536 instructus
1230 1487 1322 1536 ionicae
1329 1484 1438 1532 civitates
1446 1485 1577 1544 utcumque
1589 1485 1678 1530 tuctur.

931 1563 986 1609 iam
996 1558 1085 1608 Graecis
1095 1557 1150 1618 cyri
1162 1569 1238 1619 nuper
1248 1555 1319 1604 sociis
1330 1567 1386 1603 cum
1395 1551 1541 1601 Thimbrone
1550 1550 1682 1610 eoniumtis

932 1630 972 1678 hic
980 1627 1094 1678 audacior
1102 1627 1179 1676 iactrss
1187 1627 1259 1676 eiiam
1267 1625 1292 1674 in
1301 1637 1385 1686 eampo
1393 1636 1449 1672 cum
1458 1621 1619 1683 Tissapherne
1627 1633 1682 1668 eon·

933 1697 1093 1761 gradiebatur.
1126 1700 1238 1746 mtemm
1251 1696 1333 1758 plures
1343 1694 1452 1743 civitates
1465 1696 1550 1752 sponte
1564 1703 1590 1738 se
1605 1689 1627 1738 ei
1641 1688 1682 1737 ad·

931 1769 1075 1832 iungebann
1094 1765 1261 1816 imbecilliores
1278 1765 1396 1827 quasdam
1415 1763 1440 1812 vi
1461 1760 1620 1822 expugnabat.
1654 1761 1682 1808 ln

933 1837 1092 1902 oppugnanda
1100 1836 1184 1886 Larisa
1193 1848 1248 1898 quae
1257 1834 1345 1884 dicitur
1354 1831 1463 1896 AEgyptis
1472 1843 1528 1879 eum
1538 1829 1626 1878 trustra
1635 1830 1683 1878 irte-

935 1911 1012 1967 rsrei,
1026 1908 1110 1969 jussus
1128 1910 1165 1956 est
1182 1905 1213 1953 ab
1230 1905 1326 1967 ephoris
1341 1916 1396 1953 cum
1414 1901 1520 1952 exercitu
1538 1900 1641 1948 transire
1658 1900 1684 1948 in

934 1977 1035 2026 canam.
1052 1974 1192 2024 Thimbroni
1204 1974 1311 2022 suecedh
1320 1963 1684 2034 bircyttidas,impersmrcslti·

934 2044 1110 2108 dissimus‚qui
1119 2057 1175 2094 eum
1184 2044 1344 2107 Tissapherne
1354 2041 1556 2106 seeonjungit,ei
1565 2040 1683 2089 neudum

935 2119 1029 2166 tantum
1044 2114 1118 2164 hahet
1130 2115 1223 2162 hostem
1239 2114 1428 2163 Pharnabazum.
1461 2110 1539 2159 biania
1555 2109 1625 2157 zenis
1641 2107 1686 2170 hy-

935 2186 1018 2250 parchi
1032 2199 1093 2234 uror
1106 2187 1202 2233 morino
1214 2185 1300 2232 marito
1315 2183 1454 2244 impetrarat
1466 2193 1481 2229 a
1493 2177 1646 2229 Phamaham
1659 2182 1686 2226 ut

936 2255 1063 2320 satrapiam
1072 2254 1152 2304 mariti
1162 2258 1281 2314 servaret,
1293 2255 1318 2302 et
1327 2252 1419 2313 egregie
1428 2263 1512 2299 omnes
1521 2262 1560 2298 res
1570 2261 1627 2298 suas
1636 2261 1686 2309 ges·

937 2331 1008 2376 serat.
1042 2321 1160 2376 sed'eam
1175 2324 1294 2373 interiecit
1304 2323 1390 2372 liiidias
1401 2321 1457 2370 iilite
1471 2320 1573 2369 maritus
1588 2321 1687 2380 eiusque

930 2396 1050 2446 ditloutsu
1059 2396 1155 2445 invasit.
1188 2394 1226 2444 Ad
1234 2407 1307 2456 quem
1317 2391 1481 2442 uhhcmdum
1491 2402 1546 2438 cum
1557 2402 1584 2437 se
1592 2391 1688 2450 pararet

936 2465 1194 2527 Piramabazus,renit
1203 2459 1607 2525 Dercyllidasetcompiuresurbes
1616 2458 1681 2507 inde

936 2536 1159 2598 dititmemaceepit.
1193 2528 1687 2594 cebrenemverocumcppugnarerellet‚

936 2608 1002 2656 eires
1013 2607 1089 2655 mrito
1098 2605 1165 2655 urbis
1178 2604 1292 2667 praelecto
1306 2604 1329 2652 ei
1346 2616 1372 2652 se
1388 2601 1494 2651 hadent.
1529 2601 1590 2650 ltine
1603 2597 1688 2647 adve-

937 2690 980 2726 sus
987 2677 1084 2727 iiidiam
1093 2677 1214 2740 proiectus
1222 2675 1321 2737 scepsis
1332 2678 1356 2723 et
1365 2673 1478 2733 Gergitha
1487 2671 1560 2719 urbes
1568 2670 1622 2731 ejus
1633 2669 1688 2717 insi·

937 2747 1031 2809 gniores
1042 2751 1096 2796 asta
1107 2746 1246 2808 oocuparit,
1262 2748 1287 2794 et
1299 2743 1393 2804 nragnh
1402 2755 1464 2804 quas
1472 2741 1551 2790 biania
1562 2739 1689 2801 collegerat

937 2817 1045 2878 pecuniis
1060 2815 1152 2864 ditatm
1167 2815 1248 2864 stine
1264 2818 1362 2877 patema
1379 2812 1441 2886 hona
1457 2811 1588 2870 comessii,
1600 2809 1689 2858 mih'tes

936 2887 989 2948 eius
1006 2884 1053 2935 sihi
1066 2884 1159 2934 addixit
1168 2883 1335 2932 mercenarios.
1348 2909 1380 2918 -
1391 2883 1450 2930 car.
1468 2882 1499 2928 il.
1513 2879 1575 2928 iiiue
1586 2879 1687 2928 Phame-

937 2957 1011 3007 basus
1025 2969 1082 3006 cum
1093 2970 1122 3006 so
1132 2955 1188 3005 iacit
1201 2954 1321 3014 induciss3
1332 2953 1386 3016 ipse
1399 2964 1441 3015 per
1457 2950 1561 2999 hiemem
1576 2949 1689 3011 bithyne-

937 3042 992 3077 mm
1016 3028 1135 3077 Thracum
1159 3026 1279 3088 regionem
1303 3027 1392 3073 rasmt.
1429 3024 1493 3071 vere
1516 3020 1632 3069 redeunte
1656 3018 1689 3068 ad

938 3098 1097 3161 Dercyliidam
1110 3099 1226 3146 venerunt
1238 3095 1311 3144 domo
1319 3095 1404 3157 iegati,
1414 3094 1456 3156 qsd
1471 3092 1597 3155 imperium
1606 3090 1628 3139 ei
1638 3102 1690 3152 pro·

937 3177 1048 3235 rogarent
1059 3172 1211 3235 militumque
1222 3170 1347 3219 laudarent
1358 3169 1473 3218 virtutem
1491 3172 1516 3217 et
1526 3166 1687 3228 iutegritatem

937 3240 1085 3305 Dercyliidas
1094 3256 1149 3291 cnm
1157 3255 1187 3290 er
1196 3241 1282 3290 iisdem
1294 3239 1401 3288 audisset
1412 3239 1502 3299 legatos
1513 3237 1689 3287 echersonoso

939 3314 1039 3377 pstiisse
1050 3325 1065 3361 a
1076 3310 1264 3361 Laoedremoniis
1275 3314 1303 3359 ui
1313 3320 1383 3358 muro
1392 3308 1521 3357 Thraessa
1538 3306 1689 3355 (lhersoneso

938 3386 1060 3449 messem,
1074 3394 1158 3430 mrsus
1172 3394 1227 3429 mm
1244 3378 1395 3430 bhmuahau)
1406 3382 1490 3440 paetm
1502 3375 1610 3425 inducias
1624 3375 1688 3423 istuc

938 3453 977 3500 est
991 3450 1123 3513 pmiectus,
1136 3453 1162 3498 et
1178 3449 1240 3497 muri
1252 3462 1324 3510 opere
1339 3454 1436 3498 suestre
1451 3448 1558 3509 perfecto
1573 3444 1645 3494 rediit
1662 3445 1687 3491 in

939 3521 1019 3571 Asiam
1029 3524 1053 3570 et
1064 3524 1167 3570 Atarnea
1177 3520 1315 3569 achiomm
1326 3518 1452 3569 exsulibus
1460 3520 1602 3579 occupatam
1614 3515 1638 3563 ri
1648 3529 1687 3565 es·

940 3592 1163 3653 pugnantiumque
1172 3590 1205 3637 ita
1216 3588 1311 3638 ornarit
1319 3592 1347 3638 ut
1355 3589 1380 3637 in
1388 3600 1455 3647 mm,
1470 3586 1565 3649 quoties
1576 3587 1639 3633 istuc
1650 3596 1690 3632 re·

940 3662 1018 3722 nhct,
1028 3660 1155 3710 commode
1164 3665 1246 3723 posset
1254 3659 1381 3708 divense.
1414 3658 1473 3708 inde
1487 3657 1544 3706 abiit
1557 3655 1685 3717 Ephesum

939 3734 1020 3795 Legati
1032 3747 1047 3781 a
1057 3733 1149 3781 Graecis
1160 3731 1270 3781 Asiaticis
1282 3729 1476 3779 Laoedaemonios
1494 3727 1595 3787 dorent,
1609 3726 1688 3775 Tissa·

939 3803 1054 3865 pberussu
1068 3802 1104 3850 iia
1120 3814 1191 3863 posse
1206 3801 1258 3862 cogi
1274 3802 1302 3848 ut
1315 3798 1361 3847 sihi
1376 3798 1512 3847 liberismm
1528 3795 1653 3857 redderet,
1671 3796 1690 3844 sl

938 3874 1021 3930 cama,
1035 3872 1076 3921 ubi
1088 3871 1141 3931 eius
1151 3872 1216 3919 esset
1228 3869 1392 3926 domicihum
1405 3868 1565 3916 iniestaretur.
1598 3865 1691 3916 rubent

938 3952 995 4003 ergo
1010 3940 1098 4002 iiphori
1115 3938 1274 4001 Dercyllidam
1287 3938 1350 3986 istuo
1368 3936 1477 3985 transire.
1515 3939 1620 3984 venerat
1639 3940 1691 3983 mm

938 4011 963 4060 io
975 4011 1076 4061 mudem
1088 4010 1183 4060 cariam
1195 4022 1251 4058 cum
1265 4008 1424 4071 Tissapherne
1434 4005 1603 4055 Pharnabazus
1613 4020 1619 4053 :
1630 4018 1692 4069 quos

939 4094 995 4131 eum
1004 4081 1152 4143 Dercyllidas
1161 4076 1292 4142 amepisstit
1300 4078 1449 4128 Maeandrum
1461 4089 1545 4125 rursus
1555 4075 1691 4136 transiisse,

939 4152 1066 4201 tramites
1077 4152 1137 4214 ipse.
1169 4153 1334 4199 instmxeraut
1341 4153 1421 4198 Persae
1431 4148 1575 4207 exercitum,
1584 4151 1611 4195 ιιι
1620 4150 1692 4195 Laee-

939 4221 1085 4281 daemonlos,
1098 4233 1160 4283 quos
1169 4233 1267 4269 securos
1277 4223 1302 4268 ct
1313 4218 1444 4281 dispalatos
1456 4217 1550 4279 insequi
1561 4216 1692 4279 putabant,

939 4292 1069 4354 imparatos
1084 4290 1254 4353 opprimerent.
1294 4290 1341 4339 Sed
1363 4286 1510 4348 Dercyllidas
1523 4298 1578 4334 cum
1594 4286 1693 4347 propius

938 4361 1088 4419 accessisset,
1095 4359 1218 4420 recognita
1225 4360 1350 4408 confestim
1358 4357 1560 4419 suesadpugnam
1570 4356 1691 4404 instruxit.

940 4430 987 4480 sed
998 4430 1170 4491 Tissaphernes
1181 4434 1247 4478 metu
1257 4430 1396 4479 Grmoomm
1403 4428 1470 4476 misit
1478 4427 1520 4488 qui
1530 4426 1597 4474 iilum
1606 4424 1636 4474 ad
1645 4425 1691 4473 ool·

939 4500 1047 4563 loquium
1064 4501 1200 4549 invitarent.
1233 4498 1324 4548 nenda
1342 4512 1388 4560 pas
1408 4502 1503 4548 servata
1520 4497 1558 4545 his
1575 4494 1690 4544 conditio·

938 4569 1012 4618 nibus
1022 4572 1049 4616 ut
1063 4582 1105 4617 rex
1116 4568 1254 4617 civitatibus
1267 4568 1358 4616 Graecis
1372 4567 1506 4616 libertatem
1522 4566 1605 4625 darei,
1619 4568 1691 4613 Lace·

938 4640 1052 4689 demanii
1062 4641 1195 4687 hermesias
1202 4652 1231 4687 es
1238 4637 1323 4687 iisdem
1330 4641 1469 4686 revocarent
1477 4642 1522 4686 etc
1531 4636 1594 4697 regis
1602 4634 1692 4684 ditione

940 4710 1041 4759 abirent.
1074 4709 1144 4758 Doni
1160 4709 1256 4758 initerim
1267 4712 1364 4771 prepter
1377 4707 1487 4769 antiquas
1503 4705 1602 4767 injurias
1619 4708 1691 4754 Lace·

936 4781 1050 4829 dtemomi
1062 4780 1153 4829 belim
1167 4780 1299 4829 intulcrtmt
1313 4778 1385 4828 Eleis.
1418 4778 1465 4827 sed
1479 4777 1535 4837 Agis
1549 4790 1593 4825 res
1604 4776 1653 4837 jam
1667 4775 1691 4825 in

938 4851 1059 4900 hosticum
1070 4851 1193 4912 ingressus
1203 4854 1275 4899 terrae
1286 4854 1368 4910 ιιιοιιι,
1385 4848 1453 4911 quasi
1470 4846 1509 4896 dei
1520 4847 1626 4908 monitu,
1637 4846 1692 4896 ahs·

938 4921 1036 4971 mutus
1046 4920 1283 4971 exercitumdimisit.
1304 4923 1397 4969 Rursus
1410 4916 1544 4981 insequenti
1558 4916 1691 4965 annoidesu

899 5029 904 5040 .
938 4991 1012 5041 Eleos
1026 4991 1252 5052 pciilt,eorumque
1267 4989 1386 5051 ngiouen
1399 4987 1486 5036 misere
1500 4986 1613 5035 vastavit.
1647 4986 1691 5033 lie-

939 5060 1027 5111 deunie
1042 5064 1127 5109 estate
1139 5060 1189 5110 Elei
1207 5071 1290 5123 paoem
1305 5063 1413 5121 petentes
1430 5056 1587 5106 obtinuerunt
1603 5055 1692 5117 iniquis

939 5130 1125 5181 eondiiienihus
1157 5156 1188 5166 -
1206 5133 1265 5179 car.
1288 5132 1332 5179 ili.
1350 5132 1415 5178 blors
1432 5127 1514 5190 Agidis
1529 5132 1554 5176 et
1570 5126 1692 5175 contentio

939 5200 1040 5263 Agesilai
1051 5214 1106 5249 cum
1118 5198 1275 5261 Leotychide3
1284 5200 1324 5248 cui
1333 5199 1373 5248 ilia
1384 5203 1411 5248 ut
1419 5197 1508 5260 iustior
1520 5196 1586 5258 regni
1597 5207 1692 5244 sueres-

939 5284 979 5322 sor
990 5271 1104 5335 praelatus
1118 5274 1164 5321 esi.
1178 5269 1300 5331 Agesilaus
1310 5281 1367 5320 cum
1381 5268 1431 5319 iere
1447 5280 1537 5318 aunum
1548 5266 1693 5316 obtinuisses
