3725 5950
202 513 269 568 xxiv
783 500 1014 562 subuenitur
1039 497 1291 560 ARGUMENTA.

229 645 310 684 umore
318 634 343 680 et
352 629 561 692 auctoritatespnd
572 641 629 678 suos
639 627 723 676 volem.
733 653 762 661 —
776 629 834 676 cns,
842 629 895 676 llll.
907 629 979 674 booe-

229 709 277 766 tor,
288 701 403 752 adversus
410 701 492 750 booles
503 697 648 760 (Thebanos)
658 710 719 759 opus
729 709 782 746 csse
792 697 905 757 magistro
913 694 980 756 equi·

230 779 282 823 lum
294 771 401 834 inprimis
408 770 518 833 prudenti
526 774 550 819 st
556 768 654 828 callido,
662 769 703 831 qni
714 768 751 816 soi
763 771 906 830 potestatem
919 779 978 814 nun·

230 857 303 906 quem
315 842 397 900 belet,
409 853 486 902 neque
504 853 589 902 pugntc
605 838 735 888 discrimini
751 837 894 899 paucitatem
911 845 980 902 sunm

230 913 377 970 committat,
388 911 430 960 ssd
441 911 534 960 levibus
542 909 696 959 incommodis
708 909 790 957 hostes
797 907 879 967 laniger
888 919 980 955 eorum·

230 983 345 1046 querires
354 983 553 1042 treugae-cle.
562 975 980 1042 Vll.l.lnterposilnoobortnlionesd

231 1053 375 1104 exercendos
384 1056 447 1101 ortes
457 1051 548 1100 militine
557 1050 664 1099 terrestri
677 1048 826 1098 necessarias
839 1047 979 1096 continuen-

230 1129 271 1173 lor
280 1123 409 1186 superioris
425 1121 518 1184 generis
535 1125 661 1184 praecepte.
679 1118 744 1177 Quid
760 1118 893 1167 laciendum
906 1117 939 1165 sit
952 1121 980 1166 ul

230 1195 346 1244 adversus
355 1193 448 1256 equites
459 1193 511 1254 peri
526 1205 625 1241 numero
638 1191 739 1240 feliciter
752 1189 868 1238 decertes.
879 1213 910 1222 -
919 1190 978 1236 cnr.

231 1269 271 1314 lx.
291 1263 418 1322 Quomodo
432 1263 496 1313 mille
512 1263 635 1312 bominum
653 1261 775 1324 equitatus
794 1258 980 1310 Atheniensibus

231 1333 313 1383 conlisi
322 1334 406 1396 possit.
439 1333 560 1384 clausule
572 1332 625 1382 lom
638 1333 692 1394 pius
702 1331 802 1382 deorum
820 1329 900 1378 cultus
915 1341 978 1377 oom-

231 1404 364 1455 nrendntur.
948 1415 952 1424 ·

511 1575 671 1600 -mfi-

396 1713 784 1794 CYNEGETICUS.

202 1887 285 1934 creor
298 1889 317 1935 Ι.
328 1884 510 1936 conrmondnlio
525 1884 659 1935 venationis
669 1883 699 1935 eb
714 1883 879 1935 inventoribus
894 1883 942 1934 diis
956 1889 981 1934 et

232 1956 365 2006 cultoribus
375 1955 527 2017 bominibus,
540 1969 642 2018 quorum
656 1955 777 2017 principes
786 1968 841 2004 cum
852 1951 923 2005 leude
935 1955 979 2004 rir-

232 2028 291 2076 tutis
298 2031 522 2076 commemorentur.
531 2030 626 2076 -cnre
634 2030 666 2075 11.
676 2025 758 2082 Qualis
767 2029 864 2074 vonomr
871 2027 980 2088 leporum

232 2097 332 2160 eiusque
343 2096 451 2146 minister
463 2109 516 2146 esse
525 2095 645 2145 debentel
654 2096 734 2158 quello
747 2096 815 2145 retia.
826 2121 857 2131 -
866 2098 922 2144 cnr.
935 2098 978 2145 lli.

233 2170 268 2234 be
279 2167 369 2230 duplici
378 2181 463 2217 conum
473 2167 659 2230 (leporartorun)
666 2179 762 2229 genere,
775 2169 821 2216 (ins
826 2161 942 2216 loriorum
951 2170 977 2215 et

1053 623 1219 686 vulpinorum,
1229 629 1254 672 et
1263 623 1293 672 de
1303 621 1367 672 vitiis
1376 634 1460 671 eruum
1469 621 1579 671 interme
1590 626 1616 672 el
1626 623 1710 672 babitu
1719 635 1817 686 corpo·

1052 695 1085 742 ris
1094 698 1119 742 et
1129 694 1154 742 in
1161 693 1252 742 ratione
1261 693 1458 753 investigationis.
1467 719 1499 728 -
1507 696 1565 742 cue.
1574 696 1616 742 lv.
1627 697 1661 742 be
1670 695 1817 743 virtutibus

1052 775 1138 812 renum
1150 763 1176 812 in
1186 763 1270 812 habito
1283 766 1308 812 el
1320 762 1397 811 forma
1411 762 1519 824 eorporis
1529 766 1554 811 el
1566 763 1692 812 iuratione
1705 764 1815 812 inresti-

1052 832 1131 893 gendi.
1165 831 1220 890 Quo
1227 835 1334 894 tempore
1343 835 1368 882 et
1375 845 1432 894 que
1440 832 1465 880 in
1473 832 1534 894 loen,
1543 846 1615 881 canes
1624 833 1817 882 exercitationis

1051 915 1124 951 ceusu
1133 901 1205 950 domo
1214 902 1284 951 educi
1295 901 1405 952 debeant.
1416 929 1445 937 —
1455 906 1514 952 cnr.
1528 906 1557 950 v.
1567 906 1603 951 be
1614 901 1722 964 leporum
1734 905 1818 952 'resti-

1052 968 1112 1033 giis,
1123 972 1211 1032 cubili,
1223 971 1299 1019 torma
1308 974 1433 1020 elnolurs.
1466 975 1606 1032 Ttmguntur
1614 972 1727 1034 quiedam
1737 973 1816 1033 leges

1051 1043 1184 1091 venationis
1195 1058 1201 1092 :
1212 1040 1298 1090 deinde
1307 1042 1433 1102 exponitur
1443 1039 1473 1090 (ie
1485 1055 1572 1090 conum
1584 1042 1687 1091 rineubs
1700 1043 1815 1104 reliquo·

1051 1126 1099 1173 que
1110 1116 1196 1161 omniu
1205 1115 1230 1161 et
1240 1111 1270 1161 de
1279 1117 1386 1174 tempore
1394 1111 1569 1172 investigationi
1578 1110 1686 1172 leporum
1696 1115 1767 1174 opto.
1777 1137 1814 1144 —

1053 1186 1113 1232 cns.
1127 1186 1169 1231 vl.
1183 1185 1219 1231 De
1230 1183 1314 1231 babitu
1330 1187 1355 1232 et
1365 1181 1444 1231 oiiicio
1463 1181 1570 1230 cuslotlis
1585 1183 1681 1230 retium.
1714 1185 1751 1230 De
1767 1181 1815 1228 bn-

1051 1251 1104 1300 bilu
1118 1252 1253 1311 vestituris,¹
1263 1258 1288 1300 et
1303 1251 1333 1300 de
1348 1256 1397 1300 toto
1414 1250 1587 1312 investigandi,
1602 1251 1766 1313 persequendi
1783 1255 1814 1298 et

1050 1322 1159 1384 mplendl
1169 1322 1256 1384 leporis
1263 1322 1361 1370 notione.
1370 1349 1401 1357 -
1411 1325 1469 1374 cue
1479 1325 1534 1371 vu.
1543 1321 1670 1371 Demtulis
1678 1334 1816 1384 procrean-

1051 1392 1098 1452 dis,
1108 1391 1237 1445 eduoendis
1244 1395 1269 1440 el
1276 1391 1428 1440 instituendis
1435 1391 1466 1440 ud
1473 1390 1619 1440 venandum.
1630 1417 1660 1426 —
1668 1393 1725 1439 cnr.
1735 1393 1812 1439 vm.

1051 1465 1087 1511 De
1097 1461 1217 1523 leporibus
1227 1460 1343 1510 venandis
1357 1474 1400 1522 per
1408 1462 1522 1510 biemem.
1531 1487 1562 1496 -
1572 1464 1632 1511 cte.
1649 1464 1690 1509 tlt.
1701 1464 1738 1509 be
1753 1460 1814 1508 bin·

1051 1532 1115 1581 nolis
1131 1535 1155 1581 et
1171 1532 1248 1582 cervis
1259 1530 1383 1581 venandis.
1395 1559 1426 1567 —
1437 1535 1495 1581 cnr.
1507 1535 1536 1580 X.
1546 1534 1582 1581 De
1596 1532 1661 1593 upris
1675 1529 1811 1580 venandis.
1827 1565 1830 1570 .

1051 1604 1200 1650 -cnnitL
1211 1600 1372 1650 Derensndis
1387 1601 1508 1660 leonibus,
1524 1601 1620 1663 perdis,
1637 1599 1815 1662 similibusque

1054 1671 1148 1720 belluis.
1159 1697 1190 1705 -
1199 1673 1257 1720 cur.
1268 1674 1321 1720 xil.
1336 1674 1372 1720 De
1387 1686 1431 1721 usu
1449 1671 1581 1720 venationis
1597 1670 1627 1719 od
1637 1669 1735 1719 beilum.
1771 1672 1816 1716 De

1051 1754 1098 1791 mu
1110 1740 1282 1791 venationissd
1299 1742 1413 1790 tuendum
1429 1741 1480 1790 rein
1496 1740 1636 1790 familiarem
1651 1744 1676 1788 et
1691 1738 1722 1787 ad
1738 1753 1815 1787 exor-

1051 1818 1152 1868 cendam
1167 1831 1263 1867 ornnem
1278 1820 1399 1868 virtutem.
1415 1845 1446 1854 -
1458 1819 1516 1868 cnr.
1535 1821 1600 1868 xm.
1615 1821 1651 1867 De
1674 1816 1816 1880 sophistis,

1052 1888 1121 1936 renis
1130 1887 1253 1949 sapientise
1264 1891 1290 1936 el
1298 1888 1394 1938 unum
1403 1887 1526 1937 tradendus
1539 1886 1722 1951 prolessoribus.
1755 1889 1817 1934 blo·

1051 1962 1137 2007 nentur
1143 1957 1259 2018 iuvenes,
1269 1973 1300 2007 ne
1312 1958 1449 2022 exemplum
1458 1963 1589 2021 sequuntur
1601 1971 1694 2019 eorum,
1705 1957 1747 2018 qui
1763 1957 1818 2004 rei·

1051 2029 1153 2090 publius
1170 2027 1366 2078 adrninistrtndae
1381 2029 1478 2078 nomine
1493 2033 1518 2078 et
1533 2028 1641 2092 publices
1654 2032 1680 2076 et
1696 2028 1815 2088 privatas

1051 2098 1165 2160 pecunias
1176 2098 1311 2162 abripiunt,
1321 2103 1346 2148 el
1361 2103 1389 2147 ut
1400 2098 1533 2148 venetionis
1544 2099 1625 2162 potine
1638 2096 1767 2159 discipline
1775 2096 1819 2145 sd

1051 2167 1164 2219 virorum
1174 2169 1305 2230 pernoctem
1316 2173 1422 2218 omniur.
