3725 5950
566 501 814 565 umraucurcr
835 500 1088 563 aasumensi.
1557 502 1630 577 ιιι]

75 631 137 697 lippm
145 645 247 684 ιιιιιιιιιιι
256 631 322 697 quod
331 639 400 697 agat,
415 633 570 685 venementer
582 633 628 684 sibl
639 632 733 696 placet;
749 630 806 694 quia

74 719 140 754 onum
148 705 205 754 beati
215 717 242 754 se
251 707 356 755 invitent
369 705 401 754 ad
414 717 508 755 coeuam
522 704 670 768 reddamque
684 707 807 766 partorum

75 776 169 824 binorum
192 777 343 840 participem.
382 780 549 839 Syracusanus
576 789 645 824 stram
671 774 807 824 telidntem

75 846 154 895 colorat
162 849 184 894 in
193 847 319 904 bruninum
329 847 444 908 stabitis,
453 847 495 909 qui
509 845 636 910 prestigiis
650 849 674 894 et
685 848 806 906 spectacu-

74 915 597 968 inminutidenteiundecommodevivere
605 916 690 980 possit.
724 917 806 964 Socra·

75 986 201 1051 tesdenique
219 987 370 1037 denmrrstrat
381 988 544 1053 praestantiam
556 990 581 1036 ct
596 987 724 1036 utilitatem
743 987 806 1034 leno·

75 1056 116 1105 riuti
130 1057 151 1106 Ιι.
169 1071 191 1106 e.
209 1059 269 1107 artis
292 1059 416 1108 bominum
435 1057 625 1110 benevolentiam
642 1058 687 1108 sibi
705 1057 807 1123 aliisque

75 1127 198 1176 multandi.
207 1155 238 1164 -
247 1132 309 1178 Gar.
323 1131 354 1178 V.
375 1131 489 1178 Narratur
504 1131 625 1178 certamen
642 1129 748 1192 lepidum
758 1131 806 1194 ple·

76 1211 158 1260 cunque
174 1197 317 1248 facetiarum
333 1199 363 1248 de
383 1198 561 1260 pulchritudine
579 1199 639 1248 mter
654 1201 804 1251 critobulum

76 1268 119 1316 satis
134 1267 258 1321 iorrmsum
273 1271 300 1321 ei
314 1273 436 1320 &micro
454 1269 578 1332 insigniter
600 1270 745 1332 deformem,
765 1274 806 1336 qrri

76 1349 125 1385 nore
133 1351 172 1386 suo
182 1338 205 1387 b.
213 1353 236 1388 e.
247 1339 353 1401 ironice,
362 1348 431 1390 suram
440 1340 593 1391 commendet
601 1341 702 1390 turmam
709 1378 716 1403 ‚
723 1345 807 1394 oculos

76 1408 284 1468 animandorum
302 1417 440 1469 nasum,oa
457 1409 576 1471 amplum,
591 1423 673 1460 crassa
687 1411 762 1472 labia,
782 1420 807 1464 et

76 1477 151 1526 omnim
161 1479 343 1529 similitudinem
353 1493 410 1530 curu
421 1479 507 1529 silenis
519 1480 636 1530 Naiadum
647 1481 702 1531 filiis
714 1498 720 1532 :
733 1487 807 1546 atque

76 1557 117 1594 orn
128 1549 198 1597 rictus
213 1549 382 1610 discessisset,
399 1549 492 1612 judices
510 1555 634 1614 corruptos
653 1565 707 1602 esse
724 1553 807 1616 jocose

77 1619 168 1678 urentur,
175 1647 205 1654 -
211 1623 269 1670 car.
276 1623 322 1670 vl,
332 1623 503 1684 lienuogenem
510 1621 589 1670 adbuc
597 1627 715 1674 meantem
724 1628 806 1675 Socra·

77 1687 136 1738 esde
147 1691 169 1738 ri
180 1690 302 1756 παροινίας
314 1705 400 1754 rogans
415 1705 462 1742 noc
475 1692 526 1742 sine
537 1692 593 1754 joco
609 1697 698 1744 excitat
714 1695 744 1744 ad
758 1709 805 1747 ser·

77 1759 226 1810 mutuandum.
259 1763 543 1830 syracusanusoilcusns
560 1765 651 1813 socrati
668 1767 806 1816 convicium

77 1827 135 1878 boue
158 1830 244 1894 inc'pit.
278 1832 327 1883 Sed
349 1835 436 1896 partim
454 1833 558 1884 socam
578 1830 696 1886 modestia
720 1838 807 1900 partim

77 1899 201 1949 lutntlnuis
224 1902 419 1966 interpellatione
446 1903 614 1954 conviciatoris
638 1906 807 1968 importunitas

77 1969 188 2030 reprimitur
196 1975 220 2022 et
230 1974 378 2024 contutatur.
392 2000 424 2010 -
434 1976 493 2024 (lar.
505 1978 567 2036 illl,
579 1979 645 2026 vill.
661 1977 807 2027 Socratesde

77 2050 138 2118 amore
146 2055 241 2092 vencec
251 2043 421 2107 disputaturus
428 2045 510 2107 iocosa
523 2045 555 2095 de
568 2047 683 2109 nepuitiis
691 2047 808 2097 anatarbe

76 2111 245 2164 usetnnlestiis
259 2127 325 2177 quas
334 2113 381 2163 sibi
395 2115 508 2165 cuilibeat
524 2123 671 2178 conquestus
687 2117 805 2166 honestio-

78 2189 115 2224 ren
124 2181 196 2230 callia
204 2196 313 2234 amorem
325 2183 408 2233 laudat
420 2189 492 2249 atque
505 2185 563 2236 hinc
572 2185 658 2238 docere
672 2188 807 2250 aggreditur

78 2245 186 2300 admlnbili
195 2265 250 2301 cum
262 2255 383 2314 gravitate
392 2257 417 2303 et
424 2256 507 2318 copia,
517 2261 608 2319 quanto
615 2259 766 2318 praestantior
776 2259 807 2308 sit

78 2327 127 2366 tuor
136 2322 195 2382 pueri
212 2329 280 2373 ortua
291 2337 323 2372 ex
334 2325 388 2385 eius
400 2323 479 2375 indole
495 2331 519 2376 et
528 2327 609 2378 animo
624 2341 697 2391 quarn
710 2329 807 2391 laquie

79 2388 156 2468 pulchra
177 2395 282 2455 corporis
303 2394 380 2444 torma
400 2399 425 2446 ct
443 2409 474 2452 ex
491 2397 611 2446 obscaenis
631 2399 806 2462 cupiditatibus

79 2464 153 2537 uniar.
163 2488 191 2498 -
201 2466 259 2514 Cae.
273 2467 317 2515 ut.
330 2467 430 2516 saltatio
440 2467 535 2517 miudca
544 2468 641 2518 exbibet
650 2471 738 2520 Bacchi
748 2485 807 2521 cum

80 2529 159 2582 irusdue
165 2544 320 2596 mugressum
329 2539 355 2586 et
365 2537 502 2588 convivium
512 2537 642 2588 condedit

352 2697 478 2718 *⁴0oe

69 2796 310 2875 RESPUBLICA
336 2807 793 2881 LACEDAEMONIORUM.

63 2960 123 3011 iarn.
134 2967 150 3045 l.
160 2967 264 3024 imitata
279 2969 387 3034 Lycurgi
400 2971 432 3027 de
444 2971 556 3035 conjugio
568 2978 592 3024 et
603 2973 634 3031 de
643 2978 807 3038 procreatione

83 3032 157 3083 olcis.
166 3064 192 3072 —
200 3042 258 3092 Gar.
270 3044 305 3092 u.
316 3044 352 3093 De
362 3055 492 3107 puerorum
502 3044 651 3097 educatione.
681 3050 806 3106 Quatenus

82 3102 177 3167 lycurgus
185 3121 291 3163 amorem
305 3111 465 3169 masculorum
477 3116 630 3165 concesserit.
641 3144 672 3163 a-
682 3121 741 3170 can
761 3123 805 3169 lii.

83 3174 280 3230 llsadoicsceutiurn
292 3182 426 3246 disciplina.
434 3210 466 3219 -
477 3186 534 3235 car.
546 3188 588 3237 lii.
600 3190 636 3237 De
644 3187 762 3239 institutis
772 3192 806 3240 ri·

83 3253 350 3329 rnuustprorectiorum
356 3258 435 3305 etan.
445 3282 476 3292 -
486 3258 544 3305 Gar.
556 3260 586 3309 V.
596 3259 747 3319 Deplriditiis
755 3262 807 3312 sire

83 3311 209 3369 ieomructu
226 3324 334 3385 publico.
365 3328 402 3375 Do
416 3340 515 3391 corpore
531 3341 576 3390 pro
591 3328 663 3378 modo
679 3330 726 3380 cibi
740 3345 808 3382 exer·

83 3384 145 3433 tado.
154 3415 181 3423 -
190 3392 245 3439 car.
261 3396 307 3442 vi.
321 3398 358 3444 lie
368 3408 425 3445 cura
437 3400 460 3445 ci
473 3410 519 3446 usu
528 3398 650 3447 communi
663 3399 806 3465 liberorum,

84 3462 179 3506 automni
191 3466 214 3511 et
228 3462 358 3515 bonorum.
372 3492 402 3502 -
419 3470 477 3516 cur.
495 3470 549 3519 vil.
563 3467 654 3523 tiberis
670 3468 807 3523 bominibus

84 3534 135 3606 nuce
142 3526 192 3578 lueri
205 3533 316 3583 studium
326 3534 448 3585 interdixit
457 3538 593 3599 Lycurgus,
605 3542 630 3588 ei
640 3552 669 3589 eu
680 3540 732 3592 sola
742 3556 807 3593 exer·

84 3600 183 3676 tinlusda
192 3604 281 3664 quinus
290 3604 394 3655 civitatis
406 3606 502 3660 libertus
514 3612 617 3658 mustei.
630 3636 660 3645 -—
670 3614 729 3664 car.
739 3616 806 3667 vlit.

84 3662 216 3721 Mamurra
227 3676 410 3737 magistratibus
425 3681 450 3727 et
466 3678 558 3743 legibus
573 3682 735 3743 praestandam
751 3697 808 3737 cum

84 3733 318 3821 lurebmmcngus
326 3747 448 3809 impressit
458 3750 590 3811 spananis,
604 3754 655 3801 tum
666 3754 808 3805 sudoritate

84 3805 174 3885 titulun
186 3814 304 3878 Delphici.
317 3844 348 3852 -
359 3820 418 3867 car.
428 3821 470 3873 tlt.
481 3822 583 3881 igraros
593 3826 618 3871 et
626 3822 735 3881 imbelles
744 3826 808 3887 igno-

85 3884 139 3953 nun
150 3882 283 3947 nulupbcis
294 3887 388 3948 generis
401 3888 495 3939 nonna
503 3892 640 3955 Lycurgus,
655 3893 716 3947 adeo
728 3900 755 3945 ιιι
766 3897 808 3946 iro·

84 3950 266 4029 ffltclicnsstam
281 3962 383 4007 mortem
394 3959 459 4021 turpi
470 3960 529 4009 vita
541 3962 688 4024 praeferrent.
701 3990 724 4000 -
747 3967 806 4016 car.

84 4014 105 4095 ¹5
114 4019 224 4079 Deitalicis
231 4026 361 4077 senibusin
370 4034 479 4079 acuatum
487 4031 593 4094 legendis
601 4034 733 4087 subeundo.
767 4042 807 4089 Sa-

84 4092 153 4145 pente
161 4095 280 4175 insurgas
289 4098 401 4149 omnibus
412 4100 507 4153 civibus
516 4104 683 4155 neoesainterc
694 4106 809 4171 imposuit

84 4165 339 4236 immacularirnutea
350 4168 452 4224 colendi.
462 4198 493 4207 -
509 4175 569 4225 car.
589 4178 630 4231 ill.
643 4178 680 4225 Dc
696 4178 747 4229 acie
764 4181 808 4229 La·

85 4236 189 4313 Quta-
201 4239 321 4291 (tantill-
334 4242 370 4299 De
385 4253 412 4289 rc
427 4243 552 4293 castrensi.
565 4271 596 4281 -
609 4248 669 4295 car.
688 4250 753 4299 lilll.
772 4251 809 4299 Dc

84 4302 198 4386 mannate
208 4310 231 4355 et
240 4320 340 4361 munera
357 4310 420 4372 regis
431 4311 456 4360 iu
465 4312 528 4365 bello
554 4317 579 4367 ci
589 4313 619 4367 de
633 4319 684 4365 tota
698 4318 755 4369 bellt
770 4332 808 4382 ge·

85 4368 134 4447 'Q
142 4378 230 4427 mirum.
241 4405 271 4421 η
281 4382 341 4431 car.
352 4383 416 4436 xlv.
432 4386 470 4437 De
480 4384 610 4447 depravata
628 4389 728 4452 Lycurgi
737 4390 808 4439 disci·

84 4434 809 4523 tiu—caexvucraeteommouaregisetpacnsingruu
884 4512 885 4515 ,

86 4512 266 4583 marisanga
273 4526 299 4573 et
310 4522 406 4575 dritate
415 4530 537 4575 renovata

352 4671 481 4693 -..δ-

68 4766 347 4867 RESPUBLICA
378 4791 802 4875 ATHENIENSIUM.

66 4932 127 4988 lun·
137 4945 153 4992 1.
164 4948 247 5001 omre
257 4952 663 5019 anatarpopuumuuennsem
674 4956 807 5014 aurore·

87 5018 215 5081 Wlfflin,
223 5026 251 5071 ut
261 5027 352 5073 sutram
361 5026 500 5089 popularem
511 5031 646 5079 conservet.
678 5030 714 5078 Da
725 5040 806 5080 surro-

85 5086 725 5157 mmtilitatagrinorumapcdatber'aieusesconditione.
758 5100 807 5149 Do·

86 5156 809 5233 ῦιῙῑῑῑῠξὶίιίῐυιειὶιιιιιιιιιιοπίίω,ίιιίιιιιίῑιιῑίιιεῑιιιιιιιῆιιῑίιΑῑιιοι

87 5226 195 5311 ”titilius
216 5232 264 5281 (tur
278 5232 334 5283 boni
347 5234 392 5284 riri
407 5234 516 5287 incoctis
531 5237 671 5288 civlutibus
687 5252 701 5289 a
717 5239 806 5304 populo

28 5354 29 5377 1
88 5289 328 5355 tbcrcnrexentur.
361 5306 803 5361 Sociiscurnoncouccdaturutauas

880 627 1630 692 babeantleges,etcurinracoganturpetercltbenis.-oan

880 704 909 750 ll.
918 701 1050 750 Obscurius
1058 701 1244 751 locutusauctor
1251 699 1282 749 de
1288 699 1442 748 terrestribus
1452 696 1632 748 atheniensium

879 772 956 834 copiis
966 772 1136 834 ostendique
1146 771 1273 821 commoda
1283 771 1331 822 illia
1342 769 1525 832 proficiscantur
1536 766 1633 816 emaus

882 843 990 912 inperio.
1022 843 1235 894 communicare
1256 839 1483 904 publicaquaedaru
1505 837 1536 887 ad
1559 849 1632 886 usum

880 913 986 963 bustum
997 913 1082 976 populi
1092 912 1210 962 instituta.
1242 915 1338 962 Romus
1347 909 1377 960 do
1385 909 1520 960 commodis
1531 922 1546 958 e
1560 907 1633 956 maria

879 984 987 1047 imperio.
1020 987 1049 1033 lu
1067 981 1175 1049 populari
1192 983 1293 1045 imperio
1311 981 1401 1031 loedera
1421 980 1516 1029 lucilius
1533 990 1634 1040 impune

880 1055 1084 1116 violanturquam
1096 1054 1121 1102 in
1137 1066 1269 1114 paucorum
1285 1051 1428 1114 principatu.
1459 1050 1566 1112 Populus
1582 1061 1633 1111 per·

880 1125 963 1187 suingi
972 1130 998 1175 et
1007 1124 1140 1174 mdcdlctis
1148 1123 1348 1186 alimidnitquos
1356 1121 1416 1170 odit
1428 1147 1457 1158 -
1467 1123 1526 1170 Car.
1539 1121 1583 1168 lli.
1597 1121 1633 1168 ne

878 1197 959 1246 causis
969 1209 1013 1245 nrr
1023 1197 1082 1246 sacri
1093 1194 1220 1244 difficulter
1236 1193 1337 1244 Athenis
1344 1192 1385 1253 jus
1397 1205 1470 1242 suum
1485 1202 1632 1252 consequae

880 1269 928 1314 tur.
961 1270 988 1316 lu
998 1265 1157 1317 seditionibus
1165 1264 1266 1314 alimum
1274 1263 1402 1313 ciuitatum
1410 1275 1472 1325 quas
1481 1265 1561 1324 partes
1568 1264 1633 1308 tuea-

879 1341 920 1387 nrr
933 1341 959 1387 et
975 1336 1037 1387 tucri
1048 1336 1140 1386 'debeat
1154 1335 1259 1399 populus
1274 1333 1434 1384 adremmon.
1467 1331 1590 1391 Quaeritur
1602 1342 1633 1376 an

875 1405 1031 1456 democretius
1041 1405 1176 1455 timendum
1188 1405 1220 1454 sii
1229 1403 1260 1452 ab
1271 1402 1370 1466 dripere.

1173 1559 1304 1580 ...ν--

982 1681 1055 1760 nii
1083 1677 1497 1759 VECTIGALIBUS.

849 1853 931 1902 carus
940 1853 959 1900 l.
973 1853 1010 1900 lic
1022 1854 1094 1900 terrae
1107 1849 1193 1900 Atticae
1205 1853 1291 1898 natura
1301 1847 1333 1896 ad
1344 1846 1466 1896 redituum
1477 1845 1582 1894 rationes
1593 1856 1634 1891 au·

879 1921 969 1984 gandae
982 1924 1054 1984 apte.
1063 1947 1094 1956 -
1102 1923 1160 1971 car.
1174 1923 1205 1970 11.
1219 1923 1256 1970 De
1265 1918 1337 1972 rnodo
1348 1915 1450 1978 augendi
1458 1928 1588 1964 numerum
1600 1913 1634 1962 in·

879 1983 1637 2057 quiliuorum.-caniltllecomruodisquresintconcedecda

879 2063 1053 2114 mercatoribus
1069 2066 1097 2114 ut
1107 2075 1191 2111 corum
1202 2062 1298 2124 negan
1311 2058 1403 2108 cirrtati
1415 2058 1515 2122 prosint.
1531 2083 1563 2092 -
1574 2060 1635 2106 car.

882 2137 922 2184 lv.
940 2133 978 2183 lle
1000 2132 1230 2194 argentttoutnncm
1246 2133 1271 2180 ln
1287 2130 1365 2186 tilica
1384 2129 1469 2192 copiis.
1508 2125 1636 2184 Quomodo

879 2215 910 2254 ex
921 2203 1100 2266 argentitcdiuis
1111 2202 1205 2253 tructus
1222 2201 1314 2252 adrem
1326 2199 1448 2261 publicam
1459 2197 1537 2248 redire
1549 2195 1634 2260 possit.

879 2272 1046 2337 despondetur
1056 2273 1087 2322 ad
1096 2287 1126 2323 ea
1136 2287 1192 2336 quaa
1203 2273 1259 2336 quis
1271 2271 1343 2320 modo
1352 2269 1423 2319 dictis
1431 2274 1457 2318 et
1468 2267 1636 2332 superioribus

879 2348 992 2406 opponat.
1004 2347 1099 2393 -cse,
1111 2347 1142 2392 V.
1158 2343 1194 2393 ad
1206 2341 1295 2392 tuenda
1307 2340 1430 2402 vectigalia
1441 2353 1499 2402 pare
1509 2350 1573 2400 opus
1581 2349 1636 2386 esse

879 2415 1021 2464 ostenditur.
1031 2441 1063 2450 -
1073 2417 1132 2466 car.
1146 2417 1189 2463 vt.
1202 2416 1428 2463 commemorantur
1441 2407 1569 2460 commoda
1583 2420 1636 2470 per·

879 2485 949 2538 lectis
958 2485 1031 2534 rebus
1040 2483 1100 2542 iilis,
1110 2483 1141 2532 de
1151 2483 1241 2546 quibus
1251 2482 1343 2532 dictum
1353 2486 1405 2542 est,
1417 2481 1448 2530 ad
1463 2479 1587 2529 ciuitatem
1599 2490 1636 2525 re-

880 2555 1025 2616 dundatura,
1034 2553 1178 2616 additurque
1189 2567 1237 2602 nou
1245 2553 1297 2602 siue
1306 2552 1405 2602 unusne
1412 2551 1513 2601 deorum
1525 2549 1572 2598 ista
1582 2560 1637 2597 eam

880 2625 1035 2677 instituenda

1179 2779 1310 2802 .-we

1009 2916 1081 2997 nu
1110 2909 1488 3029 uuuaoccsrm.

850 3094 973 3143 Caroni.
994 3092 1122 3151 Quomodo
1133 3091 1188 3155 quis
1205 3089 1310 3139 indolem
1324 3088 1434 3154 generosi
1451 3086 1510 3149 pulli
1526 3088 1635 3149 spectare

880 3164 980 3221 debeat,
999 3176 1029 3211 ne
1044 3161 1245 3215 circumveniatur
1256 3162 1281 3209 in
1300 3161 1413 3210 erutione.
1426 3186 1458 3195 -
1474 3162 1533 3209 car.
1551 3160 1584 3207 1l.
1599 3160 1636 3206 lis

880 3232 1013 3283 educandis
1024 3232 1106 3295 pullis.
1121 3260 1153 3269 -
1163 3236 1222 3282 car.
1235 3234 1278 3284 111.
1292 3234 1328 3280 De
1339 3231 1430 3279 ratione
1442 3226 1566 3284 spectandi
1580 3225 1636 3291 equi

880 3304 988 3357 victoris.
995 3331 1026 3341 -
1033 3307 1092 3355 car.
1106 3307 1149 3355 lv.
1160 3308 1196 3353 De
1206 3315 1266 3351 cura
1275 3301 1352 3365 ipsius
1362 3296 1452 3349 domini
1463 3299 1527 3347 circa
1534 3309 1634 3360 equum

879 3402 910 3411 -
921 3378 979 3424 cur.
989 3373 1266 3435 V.i)ccuraeinegoiiis
1277 3371 1512 3434 equisonis-can
1521 3371 1566 3426 vt,
1579 3370 1635 3416 Vll.

881 3448 917 3495 De
926 3445 1019 3495 ratione
1033 3440 1123 3508 Quum
1138 3442 1314 3495 conscendendi
1325 3447 1350 3490 et
1364 3440 1394 3490 de
1406 3439 1523 3490 insidendi
1534 3439 1634 3489 ratione.

880 3519 916 3569 De
932 3514 1243 3577 reclamassemus
1259 3525 1348 3575 equum
1366 3515 1461 3573 oportet
1472 3509 1584 3559 exercui.
1605 3535 1635 3544 -

881 3589 939 3637 cae.
958 3589 1024 3635 illl.
1044 3585 1172 3644 Quomodo
1189 3598 1267 3648 ecum
1279 3582 1311 3632 sit
1322 3582 1468 3632 erudiendus
1482 3585 1510 3631 ut
1519 3580 1637 3631 nanautc

881 3658 973 3722 iussas,
985 3657 1097 3707 decurrat
1108 3670 1150 3719 per
1161 3654 1278 3716 declivia,
1290 3654 1385 3704 exsiliat
1401 3653 1425 3701 in
1443 3656 1564 3701 ιιιοιιῑιιιιι.
1598 3654 1635 3701 De

881 3729 974 3779 ratione
984 3727 1147 3778 meditationis
1156 3726 1276 3788 equaeiris
1287 3724 1318 3774 nd
1331 3723 1386 3774 belli
1396 3736 1483 3782 usum,
1495 3726 1520 3771 et
1530 3722 1635 3771 maxime

881 3810 937 3863 quae
947 3798 1035 3851 abicis
1048 3797 1171 3860 mulabus
1181 3796 1244 3845 hauc
1254 3795 1286 3844 ad
1297 3792 1408 3845 eruceri
1420 3793 1522 3856 possint.
1532 3819 1563 3829 -
1575 3796 1634 3842 cre.

881 3874 923 3919 lx.
934 3867 994 3932 Equi
1005 3869 1097 3918 toroces
1106 3867 1227 3929 quomodo
1236 3868 1285 3915 sint
1300 3865 1425 3915 tractandi.
1437 3891 1468 3900 —
1477 3867 1536 3914 car.
1554 3866 1584 3913 lt.
1600 3867 1636 3913 De

881 3940 942 3993 treui
950 3940 1073 3989 rationeet
1082 3951 1128 3987 usu
1136 3937 1168 3986 ad
1176 3937 1231 3999 equi
1241 3936 1350 3985 habitum
1360 3938 1385 3984 et
1395 3934 1499 3997 speciem
1509 3934 1635 3983 eilormau·

881 4010 945 4061 darn.
956 4038 987 4046 -
994 4012 1053 4061 car.
1063 4012 1105 4059 xl.
1115 4008 1163 4067 Qui
1170 4008 1225 4070 eqni
1234 4010 1260 4057 et
1268 4004 1390 4069 quomodo
1398 4004 1492 4067 possint
1498 4002 1597 4063 erudiri,
1608 4007 1636 4052 ut

851 4096 856 4105 ·
881 4080 984 4132 subinde
993 4081 1109 4131 anteriora
1126 4079 1251 4141 magnifice
1268 4078 1292 4127 in
1307 4076 1384 4127 altum
1395 4075 1518 4125 extollant.
1534 4102 1566 4111 -
1577 4078 1635 4125 car.

881 4156 936 4204 lili.
948 4156 985 4203 De
995 4150 1069 4201 amb
1080 4149 1231 4215 equasidbm
1240 4154 1265 4199 ei
1276 4148 1307 4199 de
1316 4147 1451 4211 jaculorum
1462 4146 1588 4197 missione.

1160 4304 1323 4329 mam-

1039 4432 1442 4514 HIPPARCHICUS.

850 4607 933 4657 Garrrr
946 4608 967 4655 1.
983 4604 1127 4657 summatim
1145 4603 1337 4670 minugcuiur
1351 4602 1430 4653 officia
1448 4601 1555 4664 magistri
1569 4602 1635 4665 eqni·

880 4680 942 4727 ium.
975 4675 1102 4734 Quomodo
1118 4674 1230 4737 manate
1246 4675 1355 4737 caputium
1372 4673 1486 4737 perlicere
1503 4672 1592 4736 possit,
1608 4676 1636 4721 ut

881 4748 1000 4810 sitiustus
1010 4748 1118 4811 quitum
1128 4737 1258 4806 nummus,
1270 4746 1326 4810 equi
1338 4743 1470 4804 commodi,
1482 4744 1538 4793 boni
1550 4748 1575 4792 et
1584 4756 1634 4791 mo

879 4818 943 4875 desti
952 4818 1053 4880 multas,
1062 4820 1087 4866 et
1095 4816 1231 4879 probabiles
1240 4816 1340 4866 tribuni.
1350 4840 1381 4852 -·
1391 4820 1451 4866 car.
1462 4818 1493 4864 ll.
1505 4818 1543 4864 irc
1550 4813 1635 4864 ordine

879 4887 1027 4953 equitumad
1038 4888 1122 4941 itinera
1130 4888 1210 4937 omnis
1219 4886 1312 4950 generis
1323 4886 1524 4936 collocandorum.
1534 4912 1566 4921 -
1573 4887 1633 4936 car.

879 4962 922 5010 lli.
936 4963 972 5010 De
981 4958 1072 5008 ratione
1080 4963 1106 5008 et
1114 4958 1197 5007 ordine
1205 4956 1389 5018 decursionum,
1399 4969 1455 5022 quae
1465 4970 1508 5019 per
1514 4956 1599 5006 urbem
1608 4959 1634 5006 et

879 5045 922 5097 per
931 5030 1163 5093 gymnasia,partim
1172 5027 1291 5092 religionis
1298 5029 1385 5092 partim
1392 5028 1540 5077 lustrationis
1546 5040 1633 5089 musa,

879 5100 1034 5152 instituendae
1045 5103 1111 5150 suni.
1124 5124 1155 5140 -υ
1166 5101 1226 5149 cau,
1237 5098 1281 5147 Ν.
1294 5103 1330 5148 De
1344 5097 1470 5148 itineribus
1482 5097 1507 5149 ha
1520 5096 1586 5146 bello
1600 5097 1632 5146 ia·

879 5170 979 5223 cundu-
1006 5168 1632 5235 vnnpmoepnoetiieautegereudi,aptamaxime

878 5240 954 5305 copiis
966 5240 1069 5303 enigma
1079 5267 1110 5276 —
1121 5243 1180 5290 car,
1190 5237 1312 5301 vevaria
1321 5240 1428 5289 bostium
1437 5238 1632 5303 decipiendorum

881 5314 954 5362 artes.
966 5338 997 5349 -
1008 5311 1066 5361 Gar.
1081 5314 1117 5361 vi
1133 5310 1259 5370 Quomodo
1277 5309 1328 5361 dur
1346 5310 1439 5361 efficere
1456 5310 1544 5374 possit,
1563 5315 1590 5360 ut
1606 5313 1631 5359 et
